3384 5134
696 313 913 396 maye

217 497 301 578 hius
324 493 444 578 uerbis:
471 507 576 576 Diana
599 511 786 592 Hegemone
810 513 937 590 praeter
961 512 1068 575 uetera
1095 506 1222 573 inferna
1246 512 1296 573 est
1319 489 1388 582 dea,

216 621 274 685 dea
309 624 517 690 mortuorum;
554 638 656 701 neque
690 619 789 698 igitur
824 618 931 682 hiatus
968 620 1018 681 est
1053 616 1137 681 inter
1169 612 1334 696 Ἡηεμόνης
1358 621 1391 680 et

215 722 348 806 Χιτσίνης
383 727 541 791 notionem
567 743 697 805 -qua
727 724 862 789 nominis
891 724 1099 805 ambiguitate
1130 722 1318 789 Callimachi
1341 721 1388 786 f-

214 835 298 898 oetia
321 835 517 908 eontinetnr;
543 827 660 912 Χιτόινη
686 832 768 896 enim
794 835 843 896 est
860 850 923 913 pro
940 831 1048 896 Diana
1064 830 1245 896 Brauronia
1268 847 1389 894 nuncu·

214 945 292 1022 pata
315 961 355 1006 ex
384 961 419 1005 θο
451 959 521 1018 usu,
557 959 619 1022 quo
656 940 782 1004 Dianae
816 938 863 1003 illi
899 942 1006 1003 vestes
1042 938 1207 1003 mulierum
1244 936 1390 1018 pariendi

215 1053 357 1128 tempore
380 1052 574 1112 mortuarum
599 1047 811 1122 vovebantur,
837 1065 901 1129 qua
924 1065 958 1110 re
982 1046 1108 1110 domina
1137 1052 1169 1110 et
1198 1045 1334 1110 vestium
1358 1047 1391 1109 et

215 1155 390 1219 animarum
426 1154 514 1219 foeta
552 1159 601 1220 est
635 1151 690 1235 (ef.
716 1155 795 1218 Eur.
818 1154 891 1234 Iph.
914 1154 951 1217 Τ.
973 1155 1057 1216 1462
1081 1153 1178 1235 εφη).
1237 1154 1389 1217 Potestne

214 1261 312 1342 igitur
336 1261 455 1326 faotum
480 1281 559 1340 esse,
585 1265 621 1325 ut
644 1260 773 1326 inferna
791 1261 847 1324 illa
872 1259 930 1324 dea
954 1259 1023 1342 apis
1054 1261 1177 1340 signum
1208 1257 1390 1340 acciperet?

215 1369 314 1434 Immo
339 1387 415 1434 vero
441 1369 500 1433 hoo
523 1369 590 1433 solo
615 1369 707 1434 modo
731 1367 801 1431 fieri
823 1368 938 1448 potuit.
985 1367 1067 1432 Nam
1096 1366 1286 1448 ubicumque
1314 1385 1390 1447 apes

214 1476 428 1555 inveniuntur,
454 1474 598 1539 infernae
622 1478 697 1539 sunt
722 1475 887 1554 bestiolae,
912 1475 1055 1539 velutin
1091 1477 1183 1538 antro
1207 1474 1321 1539 lovem
1342 1473 1389 1536 in·

215 1582 333 1646 tantem
359 1583 514 1660 nutriunt,
540 1582 630 1647 velut
652 1582 780 1660 Thmoo,
805 1601 886 1664 quas
910 1581 969 1646 sub
995 1581 1101 1662 apium
1125 1581 1262 1660 imagine
1286 1581 1389 1646 animo

214 1689 306 1769 fingit
329 1694 424 1771 poeta
447 1689 557 1772 hymni
582 1688 615 1753 in
639 1689 779 1754 Mereur.
806 1695 993 1769 eoa—563,
1025 1693 1195 1754 versantur
1230 1685 1280 1746 ὑπὸ
1308 1685 1391 1771 πτυχὶ

215 1793 390 1879 Habronem
417 1804 449 1862 et
472 1816 553 1879 quas
576 1800 688 1878 partes
704 1797 737 1861 in
753 1792 879 1861 Cereris
897 1800 929 1861 et
947 1795 1157 1877 Proserpinae
1173 1795 1262 1862 oultu
1279 1800 1388 1878 agant,

214 1908 325 1984 postea
348 1903 537 1968 videbimus.

320 2044 421 2128 Atqui
444 2047 476 2111 in
500 2050 645 2112 materna
669 2049 728 2112 dea
751 2047 896 2127 Ephesia
914 2046 1070 2112 infernam
1087 2065 1214 2130 quoque
1230 2047 1389 2112 notionem

213 2153 376 2218 cuiusdam
401 2155 549 2218 momenti
573 2173 642 2219 esse
667 2154 716 2219 vel
741 2155 809 2220 sine
833 2154 970 2220 testibus
994 2157 1145 2237 apparet;
1169 2174 1253 2238 quae
1278 2155 1390 2238 quanti

213 2261 256 2326 sit
279 2261 437 2334 momenti,
463 2280 480 2325 e
503 2260 669 2327 sacrifieiis
704 2281 786 2344 quae
822 2262 852 2326 ei
889 2261 1055 2327 feruntur·
1071 2263 1259 2328 eonoludere
1295 2263 1388 2338 lioet;

213 2367 435 2435 sacrificantur
466 2369 548 2433 enim
579 2364 725 2450 apium*)
754 2373 787 2434 et
817 2371 875 2450 sal,
906 2370 989 2450 quod
1020 2373 1188 2451 utrumque
1217 2369 1389 2434 inferorum

214 2494 336 2540 sacrum
367 2474 408 2540 of.
435 2476 556 2541 Boehm
586 2478 625 2541 de
653 2476 805 2557 symbolis
829 2477 1044 2559 Pythagoreis
1079 2496 1110 2558 p.
1136 2483 1189 2554 44,
1215 2484 1271 2554 453
1309 2494 1391 2556 quae

214 2584 254 2647 ad
286 2581 442 2648 saorifioia
477 2584 532 2647 lit.
561 2585 606 2648 M.
642 2585 721 2649 haee
756 2583 903 2649 exbibet:
939 2582 1151 2650 hairto-riuos
1187 2581 1216 2641 ἐν
1249 2578 1388 2666 Ἐφέσῳ.

214 2685 322 2772 ε’όρηται
350 2686 403 2747 ἀπό
443 2687 575 2770 τοιαύτης,
608 2688 699 2756 αἰτίας
718 2737 724 2748 .
743 2686 882 2771 Κλυμένη
913 2688 1045 2772 θυηᾰτηρ
1081 2687 1226 2770 βασιλέως
1242 2687 1290 2770 **)
1312 2689 1390 2770 μετοί

213 2799 304 2879 κοριῑιν
327 2817 358 2856 τε
382 2795 428 2856 καὶ
452 2794 570 2880 έφηβων
596 2797 636 2864 εἰς
659 2795 706 2856 τόν
730 2799 813 2857 τόπον
838 2802 934 2857 τοῦτον
964 2797 1192 2881 παραηενομένη,
1223 2793 1330 2881 ἔχουσα
1358 2796 1390 2859 δέ

212 2901 259 2962 καὶ
281 2899 400 2984 όίηαλμα
420 2901 601 2987 Ἀρτέμιδος,
630 2904 708 2985 μετὰ
734 2902 787 2986 τὴν
813 2903 845 2964 έιι
867 2909 915 2964 τοῦ
932 2903 1074 2985 λειμῶνος
1089 2903 1200 2964 παιδιάν
1224 2904 1271 2964 καὶ
1293 2904 1390 2990 τέρφιν

214 3005 271 3092 ἔφη
296 3007 352 3069 θεῖν
376 3008 442 3070 θεόν
468 3009 641 3094 εὐωχεῖσθαι
657 3063 662 3074 .
678 3010 724 3070 καὶΙ
747 3011 775 3070 αἱ
801 3008 852 3092 μέν
870 3009 970 3070 σέλινα
986 3010 1032 3070 καὶ
1048 3009 1128 3070 ἀλλα
1144 3011 1205 3071 τινα
1222 3009 1391 3093 συνοληουσαι

214 3115 364 3177 ανέκλιναν
384 3135 390 3147 ·
413 3117 436 3176 οἱ
465 3115 496 3177 δέ
526 3115 630 3202 ἔφηβοι
659 3118 692 3178 ἐκ
721 3125 778 3179 των
803 3118 924 3200 πλησίον
959 3118 1122 3200 ἁλοπηηὶων
1146 3117 1223 3187 ἅλας
1246 3117 1391 3200 λαβόντες

214 3223 381 3308 παρέθηκαν
407 3219 449 3307 τη
471 3221 533 3308 θεῷ
550 3225 610 3285 ἀντὶ
625 3224 720 3294 θαιτός
734 3229 794 3308 ,τῷ
810 3215 911 3306 θ’έξης
928 3221 1047 3309 ἐνιαυτῷ
1072 3225 1111 3308 μὴ
1128 3223 1225 3286 τούτου
1241 3226 1391 3308 γενομένου

213 3323 297 3413 μήνιε
325 3322 376 3412 της
398 3333 466 3392 θεοῦ
490 3332 536 3392 καὶ
558 3319 658 3414 λοιμός
681 3331 842 3414 κατέλαβε,
866 3332 914 3393 καὶ
938 3335 1019 3417 κόραι
1042 3333 1090 3394 καὶ
1113 3333 1170 3394 νέοι
1185 3332 1389 3417 διεφθείροντο.

140 3430 141 3436 ¹
211 3438 345 3522 χρησμός
377 3431 423 3499 οὖν
449 3439 548 3522 έθόθη,
579 3440 613 3500 δι’
646 3437 677 3501 οὗ
702 3429 928 3522 έΞηομενίσαντο
951 3441 1004 3523 τὴν
1028 3439 1096 3501 θεὸν
1121 3440 1167 3502 καὶ
1190 3434 1289 3509 θαῖτας
1312 3436 1392 3522 αὐτη

212 3544 388 3608 ἐπετέλεσαν
411 3548 484 3609 κατοί
508 3547 554 3608 τόν
578 3553 634 3608 τῖον
659 3553 749 3631 κορων
774 3547 820 3608 καὶ
842 3553 898 3608 τῖον
923 3547 1042 3632 ἐφήβων
1066 3547 1243 3632 τρόπον.καῖ
1277 3548 1310 3608 ἐκ
1343 3553 1391 3608 τοῦ

212 3651 379 3734 συμβάντος
406 3655 588 3737 παυσαμένου
617 3659 666 3716 τοῦ
699 3654 798 3736 λοιμοῦ
824 3651 844 3736 ἥ
868 3675 900 3715 τε
933 3654 1002 3723 θεός
1034 3655 1081 3716 καὶ
1104 3655 1117 3714 ό
1144 3657 1228 3723 τόπος
1258 3656 1311 3716 ἀπὸ
1336 3649 1392 3738 της

210 3757 305 3829 δαιτός
329 3760 426 3829 naza<
449 3761 683 3847 προσηγορεύθη.

317 3993 342 4056 *λ
363 3993 443 4046 Phot.
463 3993 511 4046 lex.
533 3988 632 4042 σελίνου
652 3993 781 4058 στέφανος
793 3993 926 4059 πένθιμος
941 4009 945 4019 ·
960 3991 990 4042 τὸ
1003 3991 1054 4062 γὰρ
1068 3988 1168 4043 σέλινον
1179 3989 1296 4044 πένθεσι
1309 4011 1391 4062 προο-

208 4076 273 4143 ήκει,
294 4078 327 4134 ὡς
345 4078 394 4147 ἔφη
412 4083 456 4130 καὶ
476 4083 568 4150 Δοῦρις
587 4079 614 4132 ἐν
632 4084 668 4146 τῷ
687 4085 748 4152 περὶ
769 4080 885 4150 ἀγόνων.

317 4188 358 4252 **)
377 4184 509 4242 Βασιλέως
536 4208 600 4244 corr.
622 4190 688 4244 Wil.
709 4208 755 4258 per
781 4191 949 4258 colloquium,
976 4192 1011 4244 cf.
1031 4192 1150 4246 eiusdem
1171 4194 1253 4258 „iiber
1273 4193 1316 4244 die
1332 4195 1390 4260 jon.

208 4277 402 4346 Wanderung“
423 4296 447 4346 p.
468 4281 492 4346 7,
511 4280 536 4330 8.
557 4308 591 4315 -
612 4279 692 4348 Apud
720 4280 849 4348 Pnrphyr.
879 4283 911 4333 de
941 4281 1037 4334 abstin.
1057 4281 1172 4348 legimus
1201 4281 1266 4334 haee
1286 4281 1326 4343 (Il
1347 4282 1390 4344 9):

205 4363 256 4428 τὴν
283 4363 332 4430 μὲν
358 4364 408 4434 γὰρ
434 4369 487 4416 τῶν
514 4369 580 4416 συῶν
605 4367 710 4435 σφαγὴν
737 4367 848 4430 ἀκουσίῳ
877 4366 996 4436 ἁμαρτίᾳ
1028 4365 1163 4435 Κλυμένης
1189 4366 1389 4438 προσάπτουσιν

204 4453 389 4524 ἀπροαιρέτως
412 4453 462 4522 μὲν
484 4453 617 4524 βαλούσης,
641 4454 761 4522 ὰνελοόης
785 4452 812 4508 δὲ
836 4456 865 4508 τὸ
887 4457 973 4521 ζῳων.
1015 4459 1092 4526 Quae
1112 4461 1241 4528 Clymene
1269 4463 1310 4513 est
1339 4478 1391 4524 χοι-

206 4541 332 4617 ροκτόνος
348 4547 405 4601 sive
424 4546 504 4602 Ceres
523 4550 580 4604 sive
600 4544 676 4616 Κόρη
696 4549 733 4602 of.
753 4567 778 4618 p.
799 4549 842 4616 53,
856 4551 900 4603 54.
