3384 5134
680 315 901 376 ...29-

199 491 294 555 vocat
316 487 395 556 Iden
412 485 553 570 Olenus’,
578 490 673 556 hrrius
697 492 742 556 rei
766 511 829 558 non
840 491 1052 574 amplioribus
1068 493 1257 560 testimoniis
1273 488 1375 559 utitur

202 616 306 680 neque
342 599 445 664 minus
481 599 675 664 divinatione
710 603 834 665 tantum
869 601 982 665 nititur
1017 619 1112 683 quam
1148 620 1215 666 nos.
1262 603 1374 679 Longe

199 703 292 770 aliter
326 725 377 771 ros
412 726 446 772 se
480 707 579 772 habet
615 708 653 772 de
676 709 823 773 Achaiae
847 706 960 774 Oleno.
1008 708 1059 773 Ibi
1083 710 1164 774 enim
1189 727 1317 790 capram
1341 710 1374 774 in

199 813 358 880 hominum
394 815 547 895 reiigione
582 817 665 880 tanti
700 817 808 897 putari
843 835 936 898 posse
965 817 1114 882 momenti
1138 815 1237 880 fuisse
1261 817 1373 899 quanti

198 941 296 1004 supra
331 923 551 1002 indicavimus,
587 942 629 987 ex
653 923 730 1006 ipsis
755 923 934 988 nominibus
959 930 1094 1004 apparet
1117 943 1225 990 earum
1250 923 1372 988 urbium

199 1049 281 1113 quac
303 1031 448 1112 proxime
472 1035 547 1095 sunt
571 1028 747 1096 finitimae:
769 1037 876 1112 Aegas
901 1032 971 1096 dieo
996 1035 1028 1096 et
1044 1030 1180 1111 Aegium
1205 1030 1246 1096 of.
1266 1030 1373 1097 Strah.

200 1137 291 1202 VIII
307 1141 380 1202 387.
440 1137 643 1220 Ubicumque
667 1142 771 1203 autem
796 1155 895 1217 capra
919 1145 978 1216 ost,
1004 1157 1040 1204 eo
1064 1137 1159 1204 facile
1184 1138 1304 1203 arcessi
1328 1137 1343 1202 f
1363 1174 1374 1184 ·

199 1243 306 1310 hulam
339 1246 377 1310 da
401 1245 486 1311 Jove
510 1243 635 1309 infante
660 1242 831 1310 ambitione
856 1245 1027 1325 hominurn,
1052 1264 1147 1310 unum
1172 1245 1293 1311 habeas
1316 1263 1375 1326 pro

200 1351 344 1419 omnibus
367 1352 583 1418 testimonium
601 1352 808 1434 Aegiensium
825 1371 1021 1418 nummorum
1046 1352 1154 1432 (Head
1172 1359 1247 1433 348,
1264 1353 1373 1418 Head-

121 1473 130 1488 ·
202 1454 295 1527 Svor.
320 1458 409 1542 520).

306 1565 423 1634 Olenia
446 1568 544 1650 igitur
567 1585 666 1649 capra
689 1567 716 1631 si
740 1568 830 1632 modo
855 1567 982 1632 exstit‘t
1017 1568 1048 1632 in
1075 1567 1273 1649 Epimenidis
1297 1567 1373 1635 Cre·

201 1675 274 1744 ticis
309 1677 467 1742 translata
500 1677 629 1740 videtur
662 1675 694 1738 in
731 1673 859 1740 Cretam
885 1695 926 1740 ex
951 1675 1080 1741 Achaia
1103 1676 1209 1741 studio
1234 1677 1287 1742 illo
1312 1695 1373 1759 quo

200 1783 336 1866 flagrare
352 1785 497 1849 videmus
513 1783 686 1862 scriptores
702 1801 806 1847 rorum
824 1783 1077 1856 domesticarum,
1095 1801 1172 1848 suae
1190 1783 1374 1848 vindicandi

200 1890 321 1973 regioni
345 1908 564 1973 quaecumque
587 1890 729 1970 arripere
745 1903 887 1971 possunt,
913 1891 997 1956 sicut
1020 1888 1134 1954 Helice
1157 1894 1190 1955 et
1207 1887 1374 1971 Cynosura

199 2018 241 2064 ex
266 1997 430 2063 Arcadum
466 1995 584 2063 fabulis
619 1997 790 2062 eliciuntur
822 2003 854 2062 et
879 2035 919 2042 —
945 2000 981 2062 ut
1004 1997 1133 2062 tertium
1157 1998 1235 2062 iliud
1260 1999 1374 2064 addam

200 2106 285 2190 quod
309 2126 326 2170 e
350 2103 482 2170 Creticis
517 2106 635 2170 citatur
670 2103 724 2187 (of.
747 2124 778 2187 p.
804 2103 859 2179 20)
896 2107 1037 2172 -sicut
1073 2105 1185 2171 fabula
1219 2125 1301 2189 quae
1336 2108 1375 2171 de

198 2214 328 2280 Baccho
345 2218 378 2278 et
393 2214 538 2279 Ariadne
562 2219 712 2278 narratur
735 2213 775 2278 ab
792 2213 982 2296 Epimenide
1005 2213 1060 2278 illo
1084 2214 1183 2278 oDia
1206 2218 1262 2278 aut
1278 2213 1374 2279 Naxo

199 2321 305 2386 insula
329 2322 362 2386 in
386 2320 515 2388 Cretam
540 2322 676 2402 migrare
700 2320 836 2385 iubetur.

306 2447 398 2532 Quae
421 2452 457 2512 ut
480 2447 520 2512 ad
555 2448 708 2528 originem
744 2465 833 2511 suam
857 2451 889 2511 et
913 2447 939 2510 si
964 2445 1030 2511 fieri
1055 2451 1160 2527 potest
1185 2447 1224 2511 ad
1249 2451 1374 2527 tempus

198 2573 289 2620 suum
326 2553 498 2635 redigatur,
537 2555 659 2634 longius
695 2559 744 2618 est
772 2553 1020 2634 digrediendum.
1068 2553 1151 2618 Nam
1174 2558 1301 2635 oportet
1324 2555 1374 2620 in-

199 2663 324 2744 quirere
359 2681 476 2728 corona
501 2663 665 2726 Ariadnae
688 2666 794 2726 utrum
818 2661 1019 2725 descenderit
1043 2680 1060 2725 e
1084 2662 1172 2727 caelo
1197 2663 1228 2725 in
1254 2665 1372 2727 terram

199 2789 240 2835 an
265 2770 480 2836 ascendente
505 2774 593 2834 terra
615 2769 699 2833 inter
722 2769 835 2833 sidera.
883 2764 998 2850 Neque
1021 2769 1103 2832 enim
1127 2769 1249 2835 Bacchi
1273 2770 1373 2834 solum

198 2895 314 2942 corona
339 2876 443 2942 fertur
465 2877 591 2955 donum,
617 2874 682 2941 ‘aiii
707 2877 816 2940 dicunt
840 2875 923 2939 hanc
946 2892 1094 2940 coronam
1111 2875 1227 2940 Thesei
1250 2895 1320 2941 esse
1343 2883 1375 2942 ct

198 2985 260 3049 hac
295 3004 329 3050 re
363 2988 495 3067 propter
530 3003 600 3048 eum
634 2985 842 3050 conlocatam’
880 2981 983 3066 (Hyg.
1006 2985 1136 3049 astari
1155 2981 1199 3062 5).
1259 2981 1373 3067 Itaque

199 3091 276 3174 quid
310 3091 372 3158 sibi
404 3093 483 3158 velit
518 3092 632 3157 Tiresoi
656 3109 781 3166 corona,
819 3110 881 3172 quo
905 3091 1032 3156 vinculo
1056 3091 1210 3172 iungatur
1233 3093 1374 3156 'theseus

198 3219 269 3265 cum
293 3198 446 3280 Ariadna,
480 3201 556 3283 quid
579 3200 621 3264 sit
647 3200 800 3277 Ariadna,
836 3207 916 3263 haec
940 3199 1045 3263 omnia
1068 3199 1156 3279 prius
1181 3199 1375 3279 explicanda

198 3309 273 3371 suut
296 3325 391 3391 quam
415 3311 539 3373 constat
563 3312 636 3372 utra
658 3307 763 3388 potior
785 3307 828 3371 sit
850 3308 1008 3372 memoria.

307 3433 418 3515 Atque
442 3432 668 3499 Callimachus'
693 3433 724 3496 in
760 3451 796 3496 eo
831 3451 923 3515 quem
947 3432 979 3496 in
1003 3432 1117 3496 Delum
1143 3431 1278 3495 insulam
1303 3449 1374 3495 con·

198 3541 327 3622 scripsit
349 3539 466 3622 hymno
490 3541 570 3606 haec
592 3539 724 3605 exhibet
748 3539 808 3622 (vs.
827 3547 890 3604 307
908 3537 1007 3623 sqqiz

358 3643 394 3728 δὴ
418 3647 485 3706 τότε
510 3645 556 3706 καὶ
579 3653 750 3730 στεφάνοισι
775 3643 933 3729 βαρύνεται
959 3643 1017 3728 ἱρὸν
1043 3642 1162 3725 ἄγαλμα

365 3749 507 3839 Κύπριδος
527 3753 669 3838 Ἀρχαὶης
694 3751 838 3838 αριηλοον,
862 3749 902 3834 ἥν
927 3773 996 3813 ποτε
1022 3749 1138 3833 Θησεὺς

360 3859 456 3923 εἵσατο
480 3859 534 3925 σὺν
558 3859 719 3931 παίδεσσιν,
744 3859 790 3922 ὅτε
814 3858 975 3944 Κρήτηθεν
1002 3858 1142 3921 ἀνέπλει·

358 3967 385 4029 οἳ
405 3968 537 4053 χαλεπὸν
563 3969 681 4052 μύκημα
704 3969 751 4030 καὶ
775 3966 871 4052 ἄηριον
897 3962 941 4028 οἷα
963 3969 1106 4052 φορόντες

359 4072 519 4160 Πασιφάης
542 4076 588 4137 καὶ
610 4075 757 4158 papatis
783 4071 846 4143 ἕδος
870 4073 982 4136 σκολιοῦ
1005 4073 1191 4159 λαβυρίνθου,

358 4185 463 4243 πότνια
488 4182 540 4251 σὺν
564 4183 627 4267 περὶ
653 4182 751 4266 βωμὸν
778 4181 958 4266 ἐηειρομένοο
982 4181 1160 4266 κιδαρισμοῠ,

359 4289 469 4352 κύκλιον
494 4290 682 4376 ὠρχήσαντο,
707 4295 792 4376 χοροῦ
816 4289 972 4372 δἠηησατο
997 4288 1120 4372 Θησεύς.

198 4401 293 4465 Hanc
316 4403 421 4465 arctam
446 4401 537 4466 dcam
569 4402 659 4466 cuius
682 4401 884 4465 simulacrum
908 4400 1166 4464 circumsaltatur
1189 4399 1285 4464 choro
1312 4417 1367 4481 cy·

198 4509 277 4572 clicu
301 4527 321 4572 a
343 4507 467 4573 Theseo
501 4509 646 4574 instituto
670 4508 690 4571 i.
708 4527 734 4572 o.
759 4507 986 4585 vetustissimo,
1020 4507 1166 4589 primitus
1191 4506 1370 4571 Ariadnam
