3384 5134
799 957 930 1063 Caput
960 959 997 1040 ΙΙ.

702 1285 785 1389 De
810 1285 1086 1389 Amalthea.

420 1515 577 1584 Omnibus
610 1518 759 1598 gentibus
794 1519 968 1584 eommunis
1003 1523 1052 1582 est
1084 1518 1191 1598 opinio
1226 1537 1295 1583 esse
1330 1520 1480 1602 quiddam

308 1627 392 1709 quod
415 1627 470 1708 qui
493 1625 657 1708 possideat
680 1626 748 1690 sine
772 1625 880 1691 labore
904 1629 937 1690 et
959 1634 1120 1708 tamquam
1145 1631 1226 1690 nutu
1249 1645 1319 1691 eum
1343 1625 1403 1692 sihi
1427 1647 1480 1710 pa-

309 1751 380 1797 rare
403 1751 496 1815 posse
516 1751 740 1816 quaecumque
764 1733 863 1813 eupit,
888 1734 978 1798 velut
1002 1733 1041 1797 de
1066 1733 1234 1798 Fortunati
1258 1735 1385 1799 saeculo
1409 1733 1481 1800 Cel·

308 1844 422 1920 tarum,
448 1842 487 1905 de
510 1841 653 1906 mensula
676 1841 810 1923 prodiga
827 1839 1057 1906 Germanorum
1076 1840 1128 1904 hio
1143 1841 1332 1906 mentionem
1356 1845 1480 1906 tantum

308 1946 402 2026 facio,
419 1948 513 2029 plura
527 1947 670 2013 iuvenies
685 1949 718 2012 iu
735 1947 861 2012 Daseut
878 1969 884 2010 :
901 1948 1045 2029 Popular
1060 1949 1141 2012 tales
1158 1946 1193 2013 of
1207 1948 1309 2012 Norse
1325 1967 1354 2029 p.
1370 1947 1479 2015 XCV.

308 2056 386 2120 Tale
409 2055 653 2121 instrumentum
677 2057 761 2138 quod
777 2055 878 2122 nostri
894 2055 1036 2120 homiues
1054 2052 1301 2136 ‘Wunsohdiug⁷
1319 2055 1481 2121 nominare

307 2167 500 2229 consuerunt
523 2166 608 2245 apud
632 2164 774 2230 Graecos
789 2162 979 2229 Amaltheae
1002 2183 1099 2230 cornu
1125 2162 1223 2228 fuisse
1247 2183 1318 2230 eum
1344 2185 1385 2229 ex
1410 2166 1480 2230 aliis

306 2271 494 2336 testimoniis
518 2271 689 2337 manifesto
713 2274 869 2352 appareat
897 2275 964 2335 tum
993 2288 1032 2334 ea
1060 2289 1141 2352 quae
1170 2271 1372 2353 Pherecydes
1404 2271 1480 2337 dicit

306 2375 360 2459 (fr.
378 2377 434 2458 37)
459 2378 577 2443 alaram
602 2376 739 2442 afferunt
764 2378 864 2443 lueem
884 2378 986 2440 ςτοῦτο
1011 2378 1088 2456 (soil.
1106 2374 1137 2434 τὸ
1161 2374 1262 2458 κέρας)
1287 2373 1402 2458 δύναμιν
1420 2373 1480 2460 ἔχει

306 2480 440 2564 τοιαύτην
465 2480 540 2544 ὥστε
567 2481 675 2568 βρωτὸν
698 2478 717 2564 ἢ
741 2485 834 2557 ποτόν,
852 2481 919 2568 ὅπερ
940 2480 973 2542 ἂν
992 2470 1105 2554 εύξαιτύ
1124 2504 1175 2556 τις,
1192 2482 1326 2567 παρέχειν
1344 2481 1478 2568 ἄφθονον,

308 2591 412 2676 Quam
435 2592 499 2657 vim
524 2611 562 2657 ao
585 2593 743 2658 notionem
766 2593 793 2657 si
816 2599 965 2657 aeeurate
988 2596 1020 2658 et
1044 2593 1084 2657 ad
1108 2592 1238 2657 verbum
1256 2593 1479 2674 aeoeperimus,

306 2698 352 2763 ita
375 2700 500 2764 demum
522 2699 781 2780 persentiseimus
805 2699 881 2782 quid
905 2699 1075 2764 Anacreon
1092 2704 1189 2764 eanat
1212 2698 1266 2780 (fr.
1285 2698 1319 2778 8)

524 2803 579 2886 έηύι
594 2802 658 2865 τ’ύίν
682 2802 739 2865 οὔτ’
762 2803 937 2886 Ἀμαλθέης

523 2910 676 2994 βουλοίμην
699 2910 796 2996 κέρας,
822 2908 880 2972 οὔτ’
906 2908 976 2971 ἔτεα

520 3021 698 3101 πεντήκοντά
721 3040 752 3080 τε
777 3017 899 3079 κάκατίν

520 3125 691 3211 Ταρτησσοῦ
718 3125 896 3210 βασιλεῦσαι,

306 3234 352 3298 ita
375 3233 573 3316 intellegitur
595 3235 825 3318 Phooylideum
850 3254 976 3318 quoque
998 3235 1077 3301 illud
1103 3235 1156 3314 (fr.
1176 3234 1222 3314 ηε

518 3340 650 3426 χρηΐζων
673 3340 794 3403 πλούτου
818 3339 944 3422 μελέτην
969 3337 1019 3425 ἔχε
1044 3341 1136 3409 πίονος
1160 3343 1261 3426 ἀηροῦ·

523 3447 606 3532 ἀηρόν
629 3454 683 3532 γάρ
706 3469 738 3509 τε
761 3447 890 3528 λέγουσιν
910 3442 1096 3530 Ἀμαλθείης
1119 3447 1206 3532 κέρας
1231 3441 1309 3523 εἶναι,

305 3558 339 3624 id
362 3561 411 3622 est
428 3578 435 3619 ε
453 3577 565 3639 agrum
588 3554 705 3638 δύναμιν
730 3552 806 3640 ἔχειν
823 3552 965 3637 Ιτοιαύτην
990 3552 1065 3616 ὥστε
1101 3554 1209 3640 βρατύν
1237 3551 1256 3638 ἦ
1289 3559 1382 3632 ποτόν,
1411 3554 1479 3642 ύπερ

306 3660 339 3722 ύίν
365 3649 479 3732 εὔξαιτο
501 3683 553 3736 τις,
578 3663 713 3747 παρέχειν
738 3660 874 3748 ἄφθονον.

413 3772 508 3856 Quod
535 3775 572 3837 ut
599 3791 739 3854 urgeam,
768 3775 875 3836 movet
906 3791 956 3836 me
984 3771 1160 3854 Dionysius
1198 3771 1277 3854 Scyt
1278 3772 1478 3852 obraoohion,

305 3879 361 3960 qui
395 3880 480 3960 apud
514 3879 608 3944 Diod.
633 3879 688 3944 ΙΙΙ
723 3885 764 3944 68
799 3879 880 3944 haeo
914 3879 1063 3944 exhibet:
1100 3875 1265 3938 ἐπιόνταθ
1268 3874 1397 3958 ὲ(αυί1.
1432 3877 1479 3937 τὸν

298 3978 458 4067 Ἄμμωνα)
482 3983 534 4066 την
569 3983 633 4068 βασ
628 3983 680 4045 λε
674 4006 759 4046 αν
745 3983 810 4068 ίιερ
810 3991 835 4044 ῖν
864 3983 986 4067 πλησίον
1014 3991 1071 4045 τῶν
1100 3982 1264 4068 Κεραυνίων
1293 3983 1477 4065 καλουμένων

305 4091 379 4176 ορόίν
402 4091 543 4176 παρθένον
566 4097 609 4176 αρ’
631 4091 788 4154 κάλλει
765 4091 954 4177 διαφέρουσαν
979 4092 1160 4175 Ἀμάλθειαν
1185 4089 1297 4175 ύνομα.
1316 4091 1478 4176 ἐρασθέντα

304 4196 423 4282 θάύτης
451 4198 498 4260 καί
520 4198 723 4282 πλησιάσαντα
745 4206 879 4282 γεννῆσαι
901 4199 987 4260 παῖδα
1010 4204 1056 4283 τῷ
1084 4221 1113 4260 τε
1137 4198 1241 4261 κάλλει
1264 4199 1310 4261 καί
1333 4203 1371 4281 τῇ
1395 4200 1479 4284 ῥώμη

303 4305 484 4390 θαυμαστόν,
508 4307 554 4369 καί
577 4307 628 4390 τὴν
660 4305 712 4391 μέν
732 4303 917 4389 Ἀμάλθειαν
955 4295 1100 4379 ἀποδεῖξαι
1136 4309 1234 4392 κυρίαν
1264 4313 1313 4368 τοῦ
1344 4308 1476 4390 σύνεηηυς

303 4419 386 4476 τύπου
410 4417 523 4492 παντός,
548 4413 631 4485 ύντος
652 4410 697 4500 τη
720 4417 848 4500 σχήματι
877 4414 1078 4500 παραπλησίου
1111 4415 1208 4500 κέρατι
1238 4415 1304 4498 βοός
1329 4463 1336 4476 .
1362 4463 1368 4477 .
1395 4463 1401 4476 .
1426 4421 1479 4497 τῆς

304 4520 335 4584 δέ
358 4524 566 4610 προειρημένης
588 4524 715 4607 ηοναικὸς
737 4523 790 4608 πἠν
825 4522 994 4585 δυναστείαν
1022 4522 1252 4610 παραλαβούσης
1288 4521 1342 4584 ἀπὸ
1370 4522 1479 4604 ταύτης
