3384 5134
757 329 890 390 ..40
936 357 978 369 .-

297 500 588 568 Alexandrinorum
625 506 761 570 aetatem
796 505 917 569 nullum
954 507 1003 570 est
1038 505 1267 581 testimonium,
1309 526 1350 571 ex
1385 507 1471 571 illius

297 612 464 692 splendore
487 630 597 676 rursus
621 612 741 677 colores
757 613 895 677 mutuati
918 616 993 678 sunt
1015 617 1129 693 poetae
1152 615 1192 678 ad
1216 613 1471 695 amplificandam

297 718 463 784 Ariadnae
487 717 640 798 fabulam,
664 719 756 784 cuius
772 737 918 785 coronam
934 723 1166 802 pertexuerunt
1188 722 1319 802 gemmis
1343 740 1361 784 e
1384 723 1493 786 caelo

297 826 418 891 sumtis.
467 824 553 910 Quid
575 826 674 905 igitur
697 826 810 891 mirum
834 827 931 891 talem
955 844 1102 892 coronam
1129 831 1242 907 poetas
1273 826 1380 892 lacere
1409 846 1472 893 nou

297 931 361 997 iam
384 952 403 998 a
426 932 552 998 Theseo
576 932 670 1012 tradi,
696 933 751 996 sed
777 936 832 998 aut
856 952 875 997 a
900 933 1027 999 Baccho
1051 939 1108 999 aut
1131 933 1172 1000 ab
1190 935 1262 998 aliis
1279 935 1472 1000 caelestibus

297 1040 330 1104 in
354 1039 477 1104 Bacchi
501 1041 730 1120 Ariadnaeque
758 1040 942 1119 nuptiarum
974 1041 1133 1106 honorem.
1181 1043 1339 1107 Extrema
1366 1046 1471 1108 autem

299 1147 397 1210 audet
412 1146 621 1228 Epimenides
644 1148 697 1211 ille
721 1144 765 1228 (p.
784 1144 852 1228 31),
877 1148 933 1231 qui
956 1150 1025 1214 tota
1048 1147 1160 1214 fabula
1183 1149 1337 1214 radicitus
1360 1169 1473 1214 eversa

299 1272 361 1319 nou
385 1255 486 1319 solum
515 1273 661 1319 coronam
690 1253 831 1334 seiungit
855 1273 873 1317 a
897 1254 1029 1336 Theseo,
1066 1256 1122 1321 sed
1147 1257 1241 1322 etiam
1267 1257 1429 1323 Bacchum
1454 1277 1473 1322 a

296 1361 392 1427 Naxo
420 1363 533 1426 insula.
582 1361 648 1428 Our
680 1363 740 1425 hoc
770 1361 908 1428 fecerit?
962 1363 1060 1428 Nulla
1089 1369 1175 1428 certe
1207 1363 1270 1428 alia
1305 1365 1344 1428 de
1376 1383 1473 1429 causa

298 1469 360 1533 nisi
394 1469 470 1551 quia
505 1467 633 1535 Cretica
668 1469 859 1551 conscripsit
892 1469 976 1534 sicut
1001 1471 1238 1550 aglaosthenes
1262 1471 1316 1552 qui
1341 1470 1469 1536 Naxica

298 1576 487 1657 conscripsit
530 1576 658 1641 Naxum
703 1576 869 1642 transtulit
903 1577 997 1642 Jovis
1032 1576 1215 1642 infantiam.
1277 1576 1473 1659 Colligamus

298 1683 396 1764 igitur
420 1683 498 1765 quid
522 1702 539 1748 e
564 1687 717 1765 quattuor
741 1683 930 1764 fragmentis
963 1703 1045 1766 quae
1075 1685 1106 1749 in
1139 1685 1233 1750 huius
1267 1685 1473 1765 digressionis

298 1790 389 1855 initio
417 1792 579 1872 posuimus
610 1792 649 1855 dc
677 1791 868 1871 Epimenide
900 1790 1098 1858 Creticorum
1128 1793 1284 1874 scriptore
1307 1794 1349 1857 sit
1372 1797 1471 1858 statu·

299 1897 431 1962 endum:

406 2003 431 2068 I.
455 2001 617 2070 Arcadum
642 2005 743 2069 utitur
766 2003 885 2070 fabulis
909 2005 1014 2070 adhuc
1037 2005 1156 2088 ignotis
1180 2024 1263 2088 quae
1287 2005 1474 2072 ferebantur

299 2112 338 2175 de
361 2112 457 2178 Jovis
480 2111 633 2190 infantia3

406 2219 452 2284 ΙΙ.
478 2221 589 2285 harum
614 2221 796 2286 fabularum
821 2239 974 2302 personas
997 2223 1146 2302 Helicen,
1178 2221 1387 2306 Cynosuram,
1411 2243 1473 2288 non

298 2327 401 2390 minus
425 2345 520 2408 quam
545 2328 709 2393 Bacchum
729 2326 927 2394 Ariadnaeae
955 2328 1066 2394 fabula
1081 2329 1255 2411 principem
1279 2349 1355 2395 suae
1370 2331 1473 2395 viudi-

299 2437 353 2499 cat
375 2433 517 2513 regioni;

406 2539 469 2626 ΙΙΙ.
488 2543 609 2606 Panem
626 2561 643 2606 e
659 2542 812 2608 comitatu
826 2537 948 2608 Bacchi
960 2542 1057 2608 Indos
1074 2544 1289 2625 oppugnantis
1310 2546 1472 2611 mutuatus

297 2647 376 2714 Jovi
401 2648 547 2729 adiungit
570 2648 689 2714 socium
713 2649 829 2715 bellum
854 2651 978 2714 Titanis
1001 2649 1151 2716 inferenti
1174 2651 1270 2730 (vixit
1286 2651 1386 2732 igitur
1401 2656 1475 2735 post

299 2752 575 2836 Megasthenem);

407 2863 468 2927 IV.
493 2863 682 2945 antiquioris
698 2862 828 2929 fabulae
840 2865 1045 2929 Ariadnaeae
1062 2864 1230 2945 imaginem
1246 2867 1293 2932 ita
1309 2867 1475 2932 oblitterat
1510 2929 1514 2935 .

299 2969 434 3035 scientia
457 2989 515 3034 sua
539 2971 684 3035 sideralis
708 2989 843 3036 coronae
868 2972 1031 3037 Ariadnae
1065 2974 1097 3037 et
1129 2974 1234 3040 studio
1268 2975 1321 3040 uni
1348 2978 1472 3041 tantum

299 3077 419 3158 regioni
443 3078 560 3158 dedito,
584 3082 620 3142 ut
644 3078 833 3144 nonomine
856 3079 983 3161 quidem
1007 3097 1213 3160 personarum
1237 3085 1333 3163 stent,
1357 3083 1472 3147 nedum

298 3187 416 3265 partes.

408 3291 499 3376 Quae
522 3291 549 3356 si
572 3293 786 3374 perpenderis,
812 3312 887 3357 num
911 3294 1078 3376 quisquam
1094 3295 1277 3361 etiamnunc
1301 3297 1471 3372 dubitabit,

300 3400 376 3481 quin
408 3399 616 3480 Epimenides
649 3401 704 3484 qui
733 3399 860 3468 Cretica
891 3401 1080 3484 conscripsit
1104 3402 1346 3469 Alexandrinus
1375 3403 1473 3471 fuerit

300 3507 391 3571 homo
416 3502 593 3587 doctusl*)

407 3611 471 3678 Sed
495 3633 534 3678 ne
550 3616 766 3695 reprehendar
782 3618 866 3699 quod
884 3616 1071 3699 ambagibus
1088 3619 1227 3683 delecter
1244 3653 1284 3662 -
1304 3619 1364 3685 hoc
1387 3626 1473 3686 certe

300 3727 448 3786 constare
472 3722 601 3788 videtur
624 3723 752 3789 fabulas
776 3744 884 3790 omnes
908 3726 1024 3806 quibus
1047 3726 1202 3808 Juppiter
1224 3725 1332 3791 infans
1355 3726 1472 3792 alicubi

301 3828 459 3894 Graeciae
483 3848 501 3892 a
524 3847 622 3910 capra
645 3831 786 3896 nutritus
814 3850 884 3898 esse
912 3831 1023 3909 fertur,
1050 3853 1113 3899 non
1140 3834 1250 3898 eodem
1278 3833 1347 3900 iure
1376 3839 1473 3918 atque

300 3955 428 4018 capram
453 3937 696 4018 vindicarefsibi
711 3941 827 4006 {lovem
844 3940 1010 4021 infantem,
1028 3940 1083 4006 sed
1102 3943 1263 4024 tamquam
1288 3943 1474 4025 apographa

301 4063 371 4109 esse
395 4045 489 4110 unius
513 4047 662 4128 exempli,
687 4046 805 4115 Cretici
838 4049 916 4114 dico.
964 4050 1029 4115 Hic
1053 4049 1134 4113 enim
1166 4047 1361 4115 Graecorum
1390 4071 1472 4115 sum·

301 4171 384 4217 mum
410 4154 501 4218 deum
527 4153 654 4218 aerea
677 4152 809 4220 Saturni
832 4156 943 4222 timore
966 4174 1119 4237 percussa
1135 4175 1251 4238 caprae
1267 4157 1471 4222 nutriendum

407 4348 433 4414 *l
452 4347 559 4403 Cretica
577 4348 650 4416 haec,
670 4365 738 4418 quae
757 4350 780 4404 si
798 4349 947 4418 Aegipanis
965 4366 1062 4404 nomen
1086 4352 1124 4407 ibi
1147 4352 1254 4406 exstitit
1276 4353 1392 4420 pedestri
1416 4369 1473 4407 ora·

299 4439 374 4493 tione
392 4438 540 4506 conscripta
558 4442 643 4506 erant,
662 4439 813 4507 Epimenidi
831 4439 938 4492 subdita
956 4455 1015 4494 esse
1033 4457 1086 4494 non
1110 4445 1153 4496 est
1181 4444 1249 4512 quod
1273 4442 1381 4500 mircrcs
1404 4460 1472 4501 com·

300 4529 400 4598 paratis
419 4527 510 4584 Cadmi
530 4528 684 4598 Milesiacis,
704 4527 847 4598 Creophyli
866 4528 1028 4598 Ephesiacis.
