3384 5134
682 305 903 368 ...Π-,ι

205 477 312 562 ratur;
355 484 411 549 sed
444 484 524 550 haee
561 484 682 548 somnia
721 501 806 548 vana
844 502 948 566 neque
986 473 1052 548 ulla
1090 473 1152 548 fide
1195 475 1340 549 fundata.

311 592 523 656 Revertamur
556 591 656 672 igitur
690 609 727 654 eo
762 591 846 654 unde
878 589 1003 655 initium
1038 589 1170 655 fecimus
1193 613 1199 653 :
1223 592 1264 655 ad
1286 591 1380 656 Jovis

205 697 359 763 altricem.
407 697 489 762 Nam
525 699 609 780 quod
644 698 695 762 vel
731 697 917 780 priusquam
957 698 1139 764 testimonia
1174 702 1307 764 exstant
1341 700 1380 764 de

206 805 369 870 Adrastea
391 805 486 870 Jovis
511 805 669 885 altrice,
694 824 790 868 unum
806 824 874 869 eam
899 805 994 871 Jovis
1018 805 1145 870 filiam
1169 805 1284 885 reddit,
1302 805 1380 870 nihil

205 913 244 976 ad
269 931 344 990 rem,
368 930 439 978 cum
464 911 708 977 abstractionem
733 930 801 976 cam
825 910 968 993 intellegi
992 918 1172 993 appareat:
1189 913 1285 978 Rhea.
1305 918 1379 994 342,

204 1019 236 1084 id
272 1021 356 1100 quod
391 1017 570 1100 explicatur
606 1038 663 1100 per
697 1019 784 1083 Plut.
810 1020 848 1083 de
877 1038 949 1084 sera
971 1039 1056 1084 num.
1081 1020 1166 1084 vind.
1193 1026 1257 1084 564
1274 1022 1302 1085 Β
1320 1027 1379 1086 22:

208 1123 380 1208 Ἀδράστεια
401 1121 545 1206 Ἀνάγκης
568 1123 614 1184 καὶ
638 1121 702 1192 Διὸς
725 1121 864 1208 θυγάτηρ.
913 1125 952 1190 In
976 1125 1087 1192 fabula
1111 1130 1216 1192 autem
1234 1127 1381 1195 Cretensi

205 1233 350 1299 omnibus
374 1235 608 1298 demonstratur
631 1225 766 1298 indiciis
781 1234 937 1298 advenam
954 1253 1023 1298 esse
1040 1235 1245 1300 Adrasteam.
1286 1235 1380 1320 Quod

205 1341 287 1406 enim
313 1345 405 1422 pater
429 1341 496 1406 eius
520 1339 702 1406 nominatur
726 1341 896 1405 Melisseus
912 1337 1073 1423 (Apollod.
1092 1343 1109 1406 Ι
1129 1349 1180 1422 1,6
1205 1342 1325 1408 Zenob.
1344 1342 1381 1406 ll

204 1453 247 1514 48
264 1449 361 1514 schol.
379 1449 477 1513 Rhoe.
496 1455 560 1512 342
577 1445 664 1529 cet),
689 1467 785 1531 quam
810 1448 915 1513 debile
938 1448 982 1513 sit
1005 1449 1065 1514 hoc
1089 1450 1261 1524 vinculum,
1287 1467 1380 1514 nemo

204 1557 332 1637 ignorat
348 1576 355 1618 :
373 1575 446 1620 nam
470 1556 564 1620 huius
588 1555 689 1638 patris
705 1553 772 1620 filia
789 1557 953 1620 Adrastea
972 1558 1022 1620 est
1037 1559 1198 1636 tamquam
1217 1555 1379 1638 adoptiva,

204 1663 361 1728 naturalis
384 1661 450 1727 filia
474 1667 522 1726 cst
539 1662 671 1726 Melissa
694 1663 773 1727 adeo
797 1665 833 1727 ut
856 1665 948 1744 pater
970 1663 1039 1742 ipse
1062 1662 1137 1728 hnic
1153 1666 1277 1728 tantum
1296 1662 1381 1729 filiae

204 1771 303 1835 vitam
328 1769 452 1835 debeat.
500 1770 615 1851 ltaque
639 1788 678 1834 ne
694 1769 774 1834 haec
792 1769 920 1850 quidem
937 1771 1101 1835 Adrastea
1125 1789 1189 1852 quo
1213 1769 1380 1836 referenda

203 1879 246 1943 sit
270 1877 398 1942 dubium
423 1880 481 1942 est.
529 1877 620 1942 Idam
644 1877 727 1942 enim
752 1895 835 1960 quae
859 1875 963 1942 fertur
986 1897 1075 1943 soror
1097 1877 1166 1942 eius
1190 1879 1292 1944 saltus
1317 1897 1379 1944 non

204 1987 304 2051 solum
329 1983 453 2064 Cretae,
478 1985 533 2049 sed
558 1985 653 2048 etiam
679 1985 840 2065 Phrygiae
864 1985 1036 2066 nympham
1060 2004 1129 2050 esse
1153 1988 1289 2064 constat,
1313 1987 1333 2051 i.
1351 2005 1378 2049 a.

204 2094 271 2158 eius
295 2091 442 2173 regionis
467 2089 522 2155 ubi
546 2111 607 2156 non
632 2092 733 2156 solum
757 2091 845 2156 Iovis
868 2089 1048 2171 infantiam,
1073 2093 1129 2156 sed
1153 2092 1248 2157 etiam
1274 2092 1379 2157 Adra·

204 2205 304 2266 steam
340 2201 378 2266 de
413 2219 476 2281 qua
511 2218 609 2280 supra
644 2199 875 2282 explicavimus
909 2200 1095 2265 collocatam
1121 2199 1220 2265 fuisse
1244 2199 1379 2277 scimus;

204 2309 315 2392 itaque
338 2309 480 2391 nympha
502 2309 558 2372 illa
581 2307 726 2390 Phrygia
748 2308 780 2371 in
805 2327 843 2372 ea
867 2326 949 2390 quae
974 2307 1139 2373 ferebatur
1162 2308 1201 2373 de
1224 2307 1310 2372 Iovis
1334 2307 1380 2370 in·

204 2414 371 2482 cunabulis
389 2415 535 2480 Asiatica
559 2413 671 2480 fabula
695 2434 758 2479 una
781 2433 853 2480 cum
876 2416 934 2479 Ida
950 2414 1037 2480 Iovis
1054 2415 1153 2480 altrix
1170 2414 1240 2494 fuit,
1267 2413 1381 2478 deinde

205 2542 262 2603 per
285 2521 375 2586 Idam
403 2523 436 2587 in
467 2521 651 2589 Cretensem
682 2521 824 2586 fabulam
859 2522 989 2601 invasit,
1013 2525 1173 2604 postremo
1197 2541 1255 2603 per
1278 2521 1379 2601 philo·

205 2631 374 2712 sophorum
398 2630 675 2712 interpretationes
708 2629 741 2693 in
771 2629 1018 2695 abstractionem
1042 2630 1215 2712 mundique
1239 2629 1380 2711 reginam

205 2737 340 2803 dilatata
364 2742 422 2816 est,
447 2739 573 2819 qualem
598 2755 665 2802 eam
690 2738 774 2818 apud
792 2736 999 2818 Apollonium
1016 2737 1186 2812 Rhodium,
1204 2735 1379 2815 flamiam,

206 2844 285 2910 alios
309 2844 498 2910 invenimus.
