3384 5134
788 301 1007 366 -48-

309 498 435 562 quaque
459 477 607 545 cantibus
632 477 892 544 demulceantur'.
912 479 1055 560 -Apis
1078 477 1178 557 igitur
1193 474 1348 544 coloniam
1365 477 1483 544 donum

309 585 412 652 duxit.
460 589 509 651 At
524 605 599 650 num
616 585 678 651 hac
700 584 732 649 in
757 605 792 650 re
809 584 1097 668 acquiescendum?
1143 586 1175 650 N
1178 604 1228 650 nm
1245 586 1389 666 vulgaris
1405 586 1485 650 haec

309 694 379 774 apis
403 693 465 758 fuit
488 713 527 760 ac
549 711 612 758 non
637 693 774 758 numinis
809 693 881 760 vice
916 692 1028 759 functa
1063 698 1121 773 cst,
1158 693 1220 758 nisi
1253 695 1344 788 modo
1368 711 1483 758 numen

309 799 453 882 ipsomf
437 799 527 866 fuit?
574 800 648 885 Qua
671 801 710 865 de
733 819 768 866 re
791 800 884 866 dubit
870 805 939 866 tare
968 800 1156 877 desinemus,
1188 800 1216 865 si
1244 801 1378 865 alteram
1402 818 1485 882 quae

308 909 347 973 de
370 907 487 973 Jonum
519 908 643 973 colonia
678 907 816 974 deducta
851 908 951 973 tradit
937 912 990 973 tur
1025 909 1206 972 memoriam
1241 906 1483 989 inspexerimus.

308 1016 430 1080 Exstat
395 1015 491 1080 etin
515 1013 641 1082 Gallim.
658 1015 715 1079 h.
707 1035 727 1078 1.
747 1014 843 1080 Dian.
861 1035 892 1078 v.
911 1021 975 1080 225

779 1126 863 1206 χαῖρε
887 1117 1006 1201 Χιτώνη

470 1225 599 1310 Μιλήτῳ
624 1224 744 1309 ἐπίδημε
762 1248 768 1262 ·
787 1223 821 1288 σὲ
844 1226 898 1311 γὰρ
922 1229 1063 1309 ποιήσατο
1087 1223 1206 1307 Νηλεὺς
1313 1215 1316 1237 ’

465 1331 646 1416 Ἡγεμόνην,
671 1331 721 1395 ὅτε
744 1334 850 1416 νηυσὶν
876 1335 1001 1416 ἀνήγετο
1025 1332 1231 1420 Κεκροπίηθεν,

309 1445 382 1530 Qua
406 1441 526 1523 duplici
550 1443 699 1508 memoria
723 1443 774 1509 hic
797 1462 924 1526 quoque
955 1443 1113 1508 artissime
1147 1443 1384 1525 coniunguntur
1414 1444 1484 1524 apis

308 1558 341 1616 44
364 1552 481 1629 Diana,
518 1556 575 1616 aut
607 1551 715 1632 potius
750 1569 821 1617 oum
857 1550 990 1616 alternis
1026 1569 1156 1616 munere
1180 1551 1318 1616 eiusdem
1342 1551 1484 1616 coloniae

308 1659 470 1724 ducendae
494 1657 681 1738 fungantur,
706 1658 815 1724 eadem
840 1662 890 1722 est
913 1659 984 1738 apis
1008 1662 1041 1722 44
1056 1657 1174 1736 Diana,
1199 1661 1297 1740 atque
1321 1677 1360 1722 oa
1376 1658 1484 1722 Diana

303 1760 459 1846 Ἡγεμόνη.
518 1763 610 1850 Quae
645 1769 682 1830 ut
715 1764 994 1844 coniungerentur,
1030 1783 1067 1830 eo
1103 1763 1223 1830 laetum
1258 1783 1329 1829 esse
1365 1764 1485 1829 dixerit

308 1873 475 1956 quispiam,
501 1873 585 1955 quod
611 1891 702 1952 apem
727 1877 762 1938 ut
792 1890 890 1954 supra
918 1872 1240 1952 commemoravimus,
1269 1871 1409 1937 colonias
1433 1873 1485 1938 de-

307 1981 423 2046 ducere
450 1979 629 2045 constabat.
689 1980 763 2064 Qua
798 1998 832 2044 re
867 1998 1053 2061 cogeremur
1084 1985 1209 2060 putare,
1240 1997 1311 2046 eum
1335 1997 1426 2060 apem
1450 1980 1483 2043 in

307 2087 471 2168 Ephesiae
494 2088 572 2151 deae
596 2087 685 2152 cultu
708 2086 840 2152 haerere
865 2086 1054 2166 videremus,
1091 2087 1199 2152 nescio
1235 2105 1297 2169 quo
1321 2105 1397 2151 casu
1421 2087 1482 2150 duo

307 2194 446 2274 numina,
472 2213 488 2258 e
512 2192 628 2276 quibus
663 2194 798 2258 alterum
834 2193 965 2259 alterins
1000 2213 1113 2260 nomen
1149 2194 1312 2274 accepisse
1346 2197 1481 2273 constat,

307 2300 390 2367 forte
414 2301 637 2368 diversissimis
665 2301 705 2365 de
734 2302 839 2366 causis
865 2336 903 2342 —
931 2320 1034 2383 neque
1061 2302 1142 2366 enim
1169 2319 1316 2382 umquam
1341 2300 1483 2382 Ephesia

307 2408 415 2473 Diana
438 2409 577 2474 colonias
601 2408 736 2474 deduxit
754 2443 794 2452 —
819 2408 930 2472 eadem
955 2407 1146 2474 emblemata
1169 2407 1328 2473 habuisse.
1377 2408 1481 2472 Velim

308 2517 367 2581 hoc
390 2514 494 2597 lingas
529 2516 619 2580 modo
656 2515 759 2580 animo
796 2520 829 2580 et
864 2513 1069 2580 manifestum
1096 2515 1157 2579 erit
1181 2515 1316 2594 cogitari
1339 2515 1371 2578 id
1396 2515 1482 2580 nullo

307 2625 397 2690 modo
420 2641 523 2704 posse.
572 2623 710 2688 Accedit
726 2622 810 2704 quod
831 2617 978 2702 Ἡγεμόνη
1002 2623 1196 2688 coloniarum
1221 2624 1331 2688 ducem
1357 2623 1483 2688 omnino

307 2749 368 2796 non
392 2729 587 2811 significavit
594 2746 603 2811 ;
639 2730 722 2794 haue
758 2731 841 2794 enim
878 2731 1036 2795 notionem
1074 2728 1290 2795 Callimachus
1316 2749 1397 2794 unus
1421 2748 1483 2794 uno

307 2838 457 2903 hocloco
482 2836 600 2902 nomini
624 2836 672 2900 illi
696 2835 848 2916 vindieat,
873 2841 906 2901 ct
930 2837 1015 2918 quod
1039 2836 1193 2914 vindicat,
1224 2838 1311 2902 lusus
1336 2840 1385 2901 est
1408 2856 1483 2903 vere

306 2943 551 3016 Callimacheus
576 2962 649 3007 nam
675 2942 890 3009 reminiscaris
916 2943 1009 3008 velim
1034 2943 1237 3024 Hegemones
1265 2943 1375 3024 templi
1400 2946 1484 3010 Aca·

306 3051 433 3131 oesiam,
464 3051 549 3130 quod
577 3050 609 3114 in
638 3049 727 3114 aditu
758 3049 947 3130 Dospoones
972 3049 1040 3114 fani
1064 3049 1482 3130 erattPaus.V1137‚2)‚

306 3161 363 3224 aut
386 3177 457 3223 eum
481 3157 611 3230 cultum,
637 3156 747 3238 quiin
771 3157 944 3238 Acropolis
970 3153 1213 3222 Atheniensium
1244 3157 1333 3222 aditu
1356 3157 1483 3222 Dianae

303 3261 459 3346 Ἠγεμόνῃ,
485 3264 653 3339 Mercurio,
678 3261 803 3330 Gratiis
827 3265 1001 3330 communis
1026 3268 1095 3329 erat
1120 3265 1231 3343 (Paua
1249 3264 1266 3327 l
1282 3271 1335 3343 22,
1350 3264 1395 3344 8),
1420 3265 1481 3329 iam

306 3371 447 3438 Roberto
472 3391 510 3436 ea
534 3371 688 3437 concedes
713 3390 796 3451 quae
820 3371 852 3435 in
869 3371 1188 3437 commentationibus
1205 3372 1351 3440 Momms
1367 3390 1398 3452 p.
1420 3377 1481 3436 146

306 3500 354 3563 sq.
386 3479 477 3545 dicit:
515 3479 556 3542 ‘in
589 3477 774 3543 universum
811 3477 917 3542 Diana
949 3471 1094 3559 Ηγεμόνη
1131 3479 1276 3542 Hecatae
1310 3477 1482 3559 persimilis

306 3585 405 3652 fuisse
427 3585 565 3650 videtur.
612 3584 702 3650 Nihil
739 3585 808 3650 dico
842 3587 926 3664 quod
964 3585 1114 3651 Acacesii
1149 3588 1258 3650 statana
1292 3587 1360 3650 eius
1395 3585 1483 3652 faces

307 3692 452 3758 manibus
486 3691 634 3773 tt;eneba
670 3692 769 3756 sed
762 3711 794 3756 rn
828 3689 938 3758 fabula
966 3693 1139 3774 Tegeatide
1162 3693 1260 3757 Paus.
1278 3693 1367 3757 VIII
1384 3699 1482 3773 4ἰ’,4,

307 3800 361 3865 ubi
377 3800 526 3867 Chromin
542 3799 709 3865 dormienti
727 3818 761 3864 se
776 3797 879 3880 offert,
856 3803 997 3881 ttaper
998 3820 1016 3864 e
984 3800 1139 3865 ttHeca
1125 3803 1174 3864 tes
1190 3819 1319 3864 munere
1336 3798 1482 3881 fungitur

306 3905 447 3990 (4.44
383 3907 577 3973 Aremrdor
602 3907 832 3988 Harpina
854 3903 1005 3989 Herch.;)
1045 3905 1192 3986 fungitur
1226 3910 1259 3971 et
1294 3907 1325 3970 in
1361 3905 1482 3988 Orphei

307 4015 486 4094 Argonaut'
479 4013 590 4080 roisv.
616 4021 680 4078 912

466 4117 550 4204 εἴργει
572 4117 625 4203 γὰρ
649 4124 741 4200 πάντῃ
766 4116 843 4202 δεινὴ
867 4117 937 4187 θεὸς
958 4115 1129 4200 Ἡγεμόνεια

465 4224 580 4291 λύσσαν
606 4224 784 4286 ἐπιπνείουσα
807 4223 992 4310 πυριῑλήνοις
1016 4223 1230 4291 σκυλάκεσσιν’,
1244 4225 1277 4308 *)

413 4407 437 4466 *l
456 4405 565 4458 Adicias
584 4405 653 4472 quod
671 4406 741 4472 apud
761 4403 903 4457 Libaninm
915 4403 941 4456 V
954 4405 989 4456 36
1002 4405 1034 4462 F.
1054 4404 1145 4458 Diana
1163 4407 1194 4457 ut
1212 4405 1284 4458 canis
1303 4405 1427 4470 (Hecabe
1448 4433 1479 4441 -

306 4495 435 4558 Hecatell
454 4495 555 4550 Jonum
573 4511 669 4563 agmen
688 4494 772 4549 ducit.
