3384 5134
699 299 918 357 ..23-

224 474 373 555 quicum
398 472 437 537 de
462 472 606 538 Arcadia
631 471 717 548 dicit,
754 474 885 536 mortem
909 475 1132 537 commemorat
1155 473 1203 529 τοῦ
1228 466 1327 553 ἱερέως
1349 472 1397 528 τοῦ

222 576 375 658 οπλοομίου
400 576 473 646 Διός.
522 581 573 644 Ao
598 597 638 642 ne
661 578 721 644 hoc
746 578 870 660 quidem
896 577 1062 643 obscurum
1088 575 1142 642 ubi
1157 578 1321 644 Arcadiae
1343 577 1398 642 ille

222 687 299 752 deus
323 687 427 754 cultus
451 687 508 763 sit;
533 689 643 751 exstat
666 685 748 750 enim
772 687 805 750 in
829 685 994 767 parietinis
1018 682 1211 751 Orchomeni
1235 684 1397 766 fragmen-

222 801 289 859 tum
312 793 442 858 tabulae
466 791 738 874 (nittenowe),
763 792 817 858 ubi
833 794 914 858 haec
929 793 1092 872 leguntur:
1117 788 1180 874 περὶ
1202 786 1234 850 δὲ
1256 799 1310 859 τᾶς
1332 811 1396 875 τρα-

221 898 318 968 πέζας
341 905 397 967 τᾶς
419 898 546 982 χρυσέας
568 905 617 958 τοῦ
642 897 706 967 Διὸς
728 903 776 958 τοῦ
797 894 985 979 Ὀπλοσμίου
1011 895 1045 979 dir
1069 895 1247 966 καταθέντας
1275 896 1397 984 ἐνέχυρα

221 1007 245 1067 οἱ
272 1003 445 1088 Μεθυδριεῖς
468 1005 491 1065 οἱ
508 1007 729 1087 μετοικήσαντες
746 1006 786 1073 εἰς
803 1001 990 1089 Ὀρχομενόν.
1038 1006 1214 1090 Methydrii
1229 1007 1330 1088 igitur
1349 1012 1398 1072 est

225 1109 297 1181 Ζεὺς
316 1107 493 1194 Ὁπὶιόδμιος
516 1115 577 1194 (ita
602 1112 786 1196 Arcadiae),
810 1113 987 1196 Methydrii
1017 1117 1066 1177 est
1093 1114 1276 1180 Pausaniae
1305 1115 1397 1195 gigas

220 1217 421 1302 Ὁπλάδαμος.
469 1219 532 1306 Iam
557 1223 656 1300 igitur
678 1222 736 1286 hos
760 1223 885 1287 eosdem
909 1240 978 1286 esse
1008 1221 1081 1304 quis
1110 1221 1262 1302 negabit?
1308 1222 1397 1303 Ergo

222 1349 292 1396 cum
328 1333 492 1395 teneamus
533 1329 792 1412 Methydrianum
827 1330 919 1393 deum
950 1323 1124 1408 Ὁπλόδιιιον
1167 1331 1251 1411 quod
1286 1334 1398 1411 postea

222 1443 382 1520 tamquam
407 1437 597 1503 attributum
624 1436 702 1503 Jovi
731 1437 925 1518 adiungitur,
956 1437 1033 1520 quid
1062 1441 1111 1502 est
1142 1437 1333 1504 censendum
1357 1439 1397 1504 de

222 1543 278 1609 illa
300 1563 378 1625 parc
401 1543 496 1610 eius?
542 1545 644 1610 Estne
666 1542 811 1626 profecto
828 1542 940 1610 Rhea?
957 1580 999 1588 -
1020 1545 1169 1627 Legimus
1186 1545 1218 1610 in
1235 1546 1395 1629 Lycophr.

301 1647 402 1734 613l4
427 1653 521 1716 haec:
545 1648 653 1732 τύμβος
676 1647 791 1710 δἀὐτὸν
828 1648 949 1711 ἐκσώσει
984 1651 1070 1735 μόρου

540 1753 732 1839 Ὀπλοσμῖας,
758 1764 909 1842 σφαραῖσιν
932 1757 1168 1842 ηὐτρεπισμένον.

414 1867 512 1932 schol.
543 1865 557 1925 ὁ
574 1864 641 1934 ναὸς
657 1862 688 1926 δὲ
707 1864 789 1926 αὐτὸν
806 1863 1061 1948 της1οπλοσμέας,
1074 1862 1136 1948 η’τοι
1152 1871 1208 1948 τῆς
1222 1864 1353 1948 Ἀθηνᾶς

547 1977 595 2034 τοῦ
618 1971 746 2033 θανάτου
770 1970 901 2033 ἐκσώσει.

224 2083 346 2148 Deinde
369 2089 433 2148 856
447 2099 533 2166 sqq.:
549 2068 616 2164 ἥξει
639 2076 670 2140 δέ
694 2077 773 2164 Σῖριν
796 2079 843 2140 καὶ
866 2078 997 2140 Λακινίου
1022 2079 1139 2164 μυχούς,

548 2186 578 2248 έν
601 2182 654 2248 οἶσι
676 2189 773 2272 πόρτις
796 2186 918 2272 ὄρχατον
941 2175 1037 2259 τεύξει
1059 2187 1118 2271 θεᾷ

542 2291 711 2378 (Οιτλοσμῖρ
735 2302 858 2380 φυτοῖσιν
883 2281 1091 2378 ἐξησκημένον.

415 2405 512 2471 schol.
538 2404 569 2464 έν
583 2397 623 2472 οἷς
635 2405 728 2472 τόποις
740 2403 759 2485 η
774 2401 860 2471 Θέτις
873 2410 962 2486 κῆπον
973 2406 1012 2484 τη
1023 2399 1167 2488 θεᾷἯρορ
1177 2401 1395 2470 κατασκευάσει,

222 2514 336 2579 Tzetz.
355 2513 394 2579 ad
413 2533 461 2578 vs,
479 2519 542 2578 858
564 2505 733 2592 Ὁπλοσμὶα
750 2509 879 2572 ἐπίθετον
890 2507 994 2594 Ἥρας,
1010 2509 1175 2592 τιμωμένης
1191 2505 1337 2577 ένἭὶιιδι.
1356 2548 1396 2556 -

335 2635 407 2705 Ζεὺς
438 2631 618 2718 ςΟτιὶιόσμιος
652 2642 685 2702 et
714 2633 792 2720 Ἥρα
828 2632 1003 2718 6Οτιὶιοσμία,
1034 2631 1218 2717 Ὀπλόδμιος
1255 2639 1333 2703 dens
1366 2643 1399 2703 et

218 2740 385 2826 Ὀιιλοδμία
419 2747 478 2810 dea
502 2780 542 2788 —
568 2745 640 2828 quis
669 2745 796 2810 dubitat
824 2745 903 2827 quin
931 2748 1001 2810 arte
1024 2745 1227 2826 cohaereant,
1252 2746 1324 2828 quis
1347 2764 1399 2810 ne-

222 2852 314 2934 gabit
339 2871 408 2918 eam
432 2854 538 2917 sedem
562 2870 627 2933 que
646 2845 823 2931 Ὀτιλόδμιος
839 2853 941 2918 utitur
956 2855 1120 2933 tamquam
1136 2852 1274 2934 genuina
1291 2852 1398 2917 sedem

224 2979 294 3025 esse
311 2953 522 3040 ίΟιιὶιοδμῖαςῖ
568 2960 641 3025 Non
664 2960 762 3042 igitur
787 2961 934 3040 primitus
966 2959 1076 3024 floruit
1104 2960 1213 3025 Rheae
1241 2964 1274 3025 et
1303 2959 1398 3026 Iovis

223 3068 402 3148 Hoplosmii
426 3069 532 3134 cultus
560 3063 733 3150 Methydrii
760 3073 919 3150 tamquam
945 3068 1037 3134 unius
1053 3067 1161 3149 paris;
1186 3067 1279 3133 Rhea
1306 3086 1398 3132 usur-

222 3177 313 3257 pavit
347 3181 472 3242 tantum
507 3176 627 3241 cultum
663 3176 847 3240 vetustioris
878 3176 956 3240 deae
979 3177 1015 3239 ut
1039 3173 1116 3240 aiibi
1139 3174 1237 3256 Juno,
1262 3174 1399 3240 fortasse

222 3283 380 3364 MInerua,
404 3282 489 3349 sicut
510 3282 665 3364 Iuppiter
687 3282 842 3348 successit
864 3281 1031 3347 vetustiori
1055 3283 1122 3347 deo.

332 3407 515 3490 Occupavit
550 3411 655 3472 antem
692 3407 783 3472 Rhea
818 3427 880 3472 non
915 3408 1001 3472 hunc
1035 3408 1135 3473 solum
1170 3408 1308 3487 cultum,
1343 3408 1399 3474 sed

223 3516 318 3580 etiam
344 3513 470 3582 fabulas
486 3516 605 3580 veteris
620 3515 792 3581 Arcadiae.
833 3515 1028 3580 Testimonio
1044 3519 1094 3580 est
1108 3516 1206 3580 Paus.
1225 3515 1312 3581 VIII
1329 3520 1397 3589 8‚·2:

223 3619 350 3706 ὑπερβὰς
373 3617 405 3680 δέ
429 3619 460 3680 οὐ
482 3618 554 3681 πολὺ
580 3609 611 3688 ές
635 3616 734 3704 ἕτερον
758 3618 917 3703 καταβηση
950 3617 1042 3680 πεδίον
1061 3637 1068 3651 ·
1086 3617 1116 3680 ἐν
1139 3619 1229 3703 τούτῳ
1261 3616 1293 3681 δὲ
1322 3620 1399 3704 παρά

228 3725 279 3810 τὴν
302 3725 451 3812 λεωφόρον
487 3726 562 3788 ἐστὶν
580 3724 674 3811 ’Ἄρνη
707 3726 872 3809 καλουμένη
897 3729 987 3812 κρήνη
1012 3749 1037 3788 κ,
1062 3748 1087 3788 τ.
1112 3726 1141 3788 t.
1170 3765 1208 3773 -
1233 3728 1284 3794 De
1307 3748 1400 3796 oona·

223 3836 306 3902 minc
341 3837 395 3902 illo
431 3836 615 3918 explicandi
651 3856 707 3918 per
741 3837 774 3901 id
798 3836 884 3919 quod
909 3836 1021 3902 dicunt
1044 3833 1129 3896 αῖτιον
1154 3838 1262 3902 Arnes
1286 3855 1399 3902 nomen

223 3963 286 4009 non
310 3962 401 4014 curo:
427 3945 570 4010 nascitur
585 3945 764 4026 Neptunus,
781 3964 881 4028 equus
898 3963 987 4024 erg03
1014 3963 1087 4009 num
1104 3942 1253 4010 althea?
1285 3943 1399 4025 Equus

223 4051 336 4134 opinor
359 4072 422 4118 non
446 4052 588 4118 nascitur
612 4053 673 4117 nisi
697 4071 738 4117 ex
763 4071 846 4135 equa
869 4053 954 4118 sicut
969 4050 1071 4119 Arion
1094 4070 1195 4134 equus
1220 4073 1262 4118 ex
1278 4053 1399 4136 Erinye

224 4176 326 4241 equa;
351 4159 456 4225 Arion
479 4179 580 4242 equus
604 4160 731 4239 mansit,
757 4161 900 4242 pariendi
925 4177 1040 4225 munus
1064 4160 1161 4227 cessit
1182 4161 1214 4225 in
1240 4159 1397 4240 Cererem,

224 4268 263 4331 de
286 4287 351 4350 qua
375 4272 441 4332 tum
465 4266 622 4332 mirabilia
645 4271 818 4334 narrantur
845 4267 955 4348 (Paos.
975 4266 1062 4334 VIII
1080 4274 1131 4349 25,
1146 4266 1194 4350 4);
1230 4268 1399 4350 Neptunus

223 4392 324 4456 equus
347 4393 409 4438 non
433 4374 566 4450 mansit;
603 4379 722 4458 quanto
758 4374 885 4440 facilius
919 4379 1015 4457 putas
1050 4376 1193 4458 pariendi
1228 4392 1341 4442 munus
1364 4374 1397 4438 in

224 4481 345 4545 Rhaam
370 4481 513 4560 cessisse,
537 4483 627 4547 ouius
651 4484 748 4565 uulgo
772 4481 855 4548 tilius
879 4480 1095 4548 credebatur?
