3384 5134
773 341 995 401 ..22-

296 516 464 597 dubitatio,
489 515 693 581 interdicitur
716 516 786 581 loco
810 516 865 580 illo
889 514 1077 580 Theocriteo
1101 511 1239 596 (1125),
1276 516 1315 580 de
1338 535 1402 597 quo
1425 534 1474 581 me

296 628 403 690 monet
425 643 456 686 v.
482 623 712 704 Wilamowitz‚
742 641 805 706 quo
836 625 905 689 loeo
934 624 1005 687 Pan
1034 623 1155 687 citatur
1187 613 1301 680 ὦΠάν
1324 617 1400 684 Πάν,
1425 618 1471 682 εἴτ’

297 728 361 790 ἐσσί
394 735 457 791 κατ’
482 726 562 814 dipsa
597 730 694 814 μακροί
718 730 835 792 Λυκαίου
859 728 914 790 εἴτε
936 728 994 811 τόγ’
1021 726 1190 812 ἀμφιπολεῐς
1214 729 1286 810 μέγα
1312 726 1472 792 Μαίναλον,

296 834 412 898 ἔνθ’έπί
434 846 520 897 νᾶσον
547 837 599 897 τάν
622 835 758 912 Σικελόν,
780 837 900 905 Ἐλίκας
929 833 962 896 δὲ
989 834 1054 895 λίπε
1078 836 1135 918 ρ’ίον
1159 835 1223 895 αἰπὺ
1246 856 1277 895 τε
1302 843 1383 916 σᾶμα
1405 841 1473 917 τῆνο

296 941 472 1004 heracleae
490 995 497 1010 .
516 995 523 1010 .
542 991 549 1005 .
597 947 713 1028 Itaque
729 964 921 1028 quamquam
939 963 1002 1010 non
1018 963 1076 1025 pro
1092 947 1180 1007 certo
1198 943 1300 1008 habeo
1316 944 1473 1025 nymphas

295 1054 355 1118 has
378 1057 546 1118 montanas
571 1054 734 1119 Arcadiae
769 1071 914 1118 ursarum
950 1051 1083 1116 formam
1118 1052 1224 1131 inisse,
1260 1069 1333 1116 eum
1356 1051 1471 1116 Jovem

296 1160 451 1226 infantem
486 1162 647 1226 nutrirent
671 1196 712 1204 —
736 1162 806 1226 veri
841 1165 947 1224 autem
984 1163 1034 1224 est
1069 1159 1259 1223 simillimum
1283 1160 1471 1239 praesertim

296 1286 366 1332 cnm
391 1267 525 1335 Callisto
548 1269 720 1352 nympham
743 1270 846 1351 ipsam
871 1285 997 1350 quoque
1021 1285 1126 1330 ursam
1151 1284 1245 1348 quam
1262 1267 1423 1332 Hesiodus
1439 1268 1472 1331 in

297 1381 417 1442 astrum
441 1377 520 1441 illud
543 1377 671 1442 maioris
694 1395 788 1442 ursae
811 1379 965 1440 mutatam
998 1373 1095 1439 finxit
1117 1375 1178 1440 hoc
1201 1375 1269 1439 loco
1293 1375 1404 1440 cedere
1427 1376 1472 1438 vi-

296 1484 426 1548 deamus
448 1484 582 1549 Helicae
604 1485 728 1550 -hcc
750 1488 855 1549 tamen
877 1485 1004 1548 constat
1027 1482 1144 1546 aluisse
1159 1483 1295 1548 Helicen
1318 1488 1350 1547 et
1367 1481 1471 1564 Cyno-

296 1611 402 1656 suram
425 1591 459 1654 in
482 1592 625 1656 Arcadia
647 1592 764 1658 Jovem
788 1591 871 1656 sicut
894 1591 985 1654 Idam
1009 1594 1041 1654 et
1059 1581 1251 1654 Adrasteam
1268 1591 1300 1654 in
1317 1590 1470 1671 Phrygia.

402 1714 466 1781 Sed
490 1717 676 1800 priusquam
701 1716 865 1798 explicare
888 1735 985 1781 conor
1009 1714 1063 1780 ubi
1087 1719 1244 1780 terrarum
1269 1715 1470 1797 Aegipanem

295 1824 392 1892 Jovis
416 1824 646 1890 collactaneum
670 1824 770 1888 luisse
793 1824 984 1888 credendum
1013 1823 1065 1901 sit,
1096 1841 1200 1904 pauca
1223 1827 1299 1888 sunt
1321 1823 1470 1904 praemit-

295 1931 393 1996 tenda
428 1932 467 1996 de
501 1932 595 1997 Jovis
630 1930 764 1996 infantis
797 1931 830 1994 in
866 1930 1011 1996 Arcadia
1039 1949 1101 1996 non
1126 1932 1224 2004 cultu,
1250 1919 1307 1994 sed
1332 1928 1468 2005 fabulis3

295 2038 412 2105 colitur
435 2040 517 2104 enim
533 2038 640 2104 infans
657 2039 811 2121 Juppiter
825 2057 998 2120 numquam
1013 2040 1046 2102 in
1065 2039 1226 2120 Arcadia;
1250 2057 1353 2120 neque
1369 2038 1470 2118 magis

295 2146 388 2211 Rhea
410 2147 558 2228 primitus
581 2147 613 2210 in
630 2143 770 2211 Arcadia
793 2147 881 2211 culta
904 2149 966 2221 est;
992 2148 1047 2210 scd
1071 2145 1131 2210 hoe
1147 2148 1183 2209 nt
1199 2145 1342 2210 evincam
1359 2149 1471 2210 contra

296 2253 529 2318 Immerwahrii
553 2254 730 2336 opinionem
754 2273 848 2334 quam
873 2254 1032 2335 expressit
1062 2254 1095 2317 in
1128 2252 1210 2318 libro
1240 2254 1278 2316 de
1310 2253 1470 2318 Arcadiae

294 2360 435 2426 cultibus
458 2361 586 2443 scripto,
611 2361 746 2443 primum
771 2361 898 2444 quidem
923 2361 950 2425 is
967 2360 1198 2425 examinandus
1213 2363 1264 2424 est
1279 2360 1384 2424 cultus
1407 2377 1469 2442 quo

294 2468 361 2533 solo
385 2473 481 2550 atque
505 2467 743 2547 unianimiter,
768 2469 1027 2550 Methydrianum
1053 2469 1132 2544 dico,
1157 2469 1197 2532 de
1213 2486 1274 2550 quo
1291 2468 1469 2532 Pausanias

295 2577 375 2642 haee
398 2576 532 2641 exhibet
568 2575 673 2656 (VIII
691 2579 743 2655 36,
758 2577 810 2656 2):
850 2573 877 2634 ιό
901 2571 933 2635 δέ
957 2572 1022 2659 ὅρος
1044 2573 1075 2634 τό
1101 2572 1265 2655 Θαυμάσιον
1292 2572 1468 2654 καλούμενον

295 2689 387 2742 κεῖται
410 2678 462 2763 μὲν
487 2679 555 2767 ὑπὲρ
579 2681 625 2742 τόν
649 2681 774 2763 ποταμόν
796 2681 844 2742 τόν
861 2680 1029 2756 Μαλοίταν,
1054 2680 1189 2742 ἐθέλουσι
1209 2678 1240 2741 δὲ
1256 2681 1280 2740 οἱ
1297 2678 1469 2764 Μεθυδριεῖς

296 2787 351 2871 τὴν
371 2787 467 2863 Ῥέαν,
491 2789 574 2871 ἡνίκα
598 2789 648 2850 τόν
673 2790 725 2850 Δία
750 2783 825 2874 εἶχεν
850 2788 880 2849 έν
904 2793 943 2871 rigi
965 2790 1074 2875 γαστρί,
1100 2789 1130 2858 ές
1153 2794 1232 2851 τοῦτο
1263 2787 1416 2872 ἀρυιέσθαι
1437 2786 1468 2848 τό

294 2894 369 2980 όρος,
397 2895 677 2979 παρασκευάσασθαι
699 2895 731 2958 δὲ
756 2896 833 2980 αὐτῇ
855 2897 902 2958 καί
928 2896 1073 2980 βοήθειαν,
1101 2893 1137 2978 ἣν
1161 2897 1176 2957 ό
1200 2895 1309 2980 Κρόνος
1332 2895 1467 2978 ἐπἀὐτὴν

292 3001 332 3086 ip,
349 3007 396 3064 τόν
412 3024 443 3064 τε
457 3002 648 3086 Ὁπλάδαμον
672 3006 718 3066 καί
741 3003 851 3074 ἄλλους
866 3003 925 3065 ὅσοι
949 3003 1012 3089 περί
1029 3003 1133 3065 ἐκεῖνον
1148 2996 1226 3086 ἦσαν
1242 3003 1379 3085 Γίγαντες
1396 3026 1403 3037 ·
1421 3003 1468 3064 καί

292 3118 383 3172 τεκεῖν
408 3107 460 3194 μέν
485 3116 675 3195 συγχωροῦσιν
711 3111 799 3194 αὐτὴν
831 3112 860 3173 έν
890 3111 975 3198 μοίρᾳ
1000 3111 1052 3172 τινί
1074 3116 1122 3171 τοὺ
1146 3110 1280 3185 Λυκαίου,
1304 3110 1356 3192 τὴν
1380 3107 1411 3170 δέ
1437 3111 1467 3179 ἐς

292 3217 340 3278 τὸν
364 3216 473 3304 Κρόνον
498 3221 610 3301 ἀκόνην
634 3219 680 3279 καί
704 3219 765 3280 ἀντί
787 3227 834 3280 τοῦ
858 3218 956 3288 παιδός
978 3207 1035 3302 τὴν
1054 3217 1213 3300 λεγομένην
1239 3216 1289 3278 ὑπό
1310 3217 1465 3301 Ἑλλήνων

294 3324 433 3386 ἀντίδοσιν
456 3331 504 3386 τοῦ
528 3325 612 3387 λίθου
635 3325 770 3408 γενέσθαι
793 3327 877 3411 ’ρασίν
902 3326 1038 3387 ἐνταῦθα·
1064 3322 1178 3386 ἔστιδὲ
1202 3324 1271 3409 πρὸς
1294 3321 1332 3406 σμ’
1355 3321 1467 3410 κορυργ]

294 3437 344 3494 τοῦ
367 3431 449 3520 όρους
483 3433 623 3516 σπήλαιον
657 3441 711 3517 τῆς
741 3430 839 3508 Ῥέας,
875 3434 922 3495 καί
956 3433 987 3502 ές
1017 3433 1084 3494 αὐτὸ
1108 3431 1148 3494 ότι
1172 3432 1211 3516 μὴ
1236 3420 1343 3515 γυναιξί
1368 3435 1466 3515 μόναις

293 3540 380 3625 ἱεραῖς
413 3547 467 3624 τῆς
500 3540 579 3615 θεοῦ,
617 3540 776 3624 ἀνθρώπων
810 3563 841 3623 γε
877 3539 966 3601 οὐδενί
1000 3539 1133 3602 ἐσελθεῖν
1168 3537 1227 3600 ἔστι
1260 3545 1317 3600 τῶν
1352 3537 1464 3599 ἄλλων.

293 3651 436 3715 Maxime
459 3651 512 3717 hic
534 3654 610 3716 sunt
633 3651 857 3716 observatione
881 3651 976 3731 digna·
1000 3670 1082 3734 qnae
1113 3651 1263 3730 leguntur
1292 3647 1348 3709 ‘rel
1375 3654 1465 3708 τεκεῖν

293 3752 345 3838 μὲν
380 3761 570 3840 συγχωροῦσιν
606 3755 697 3840 αὐτὴν
733 3755 762 3817 έν
798 3757 882 3840 μοίρᾳ
904 3756 958 3816 τινί
983 3761 1031 3816 τοῦ
1054 3755 1205 3820 Λυκαίου’;
1240 3757 1336 3823 ,lovis
1368 3757 1466 3838 igitur

292 3865 488 3931 incunabula
511 3885 574 3931 uon
597 3869 686 3931 stant
708 3867 740 3930 in
763 3866 965 3945 Thaumasio.
1012 3867 1137 3930 Deinde
1161 3865 1233 3948 quis
1256 3871 1305 3930 est
1328 3865 1381 3929 ille
1397 3865 1464 3929 Ho-

292 3973 456 4054 pladamos
480 3974 535 4055 qui
552 3975 734 4054 appellatur
750 3975 859 4038 Rheae
876 3979 1035 4055 tamquam
1059 3992 1119 4055 par
1142 3977 1174 4037 et
1197 3971 1324 4038 socius?
1372 3972 1464 4056 Quod

291 4085 327 4146 ut
351 4085 505 4162 appareat
529 4079 712 4145 adhibenda
735 4083 784 4144 est
802 4100 839 4145 ea
857 4081 1018 4147 Arcadiae
1042 4080 1206 4163 inscriptio
1237 4081 1269 4144 in
1295 4099 1359 4162 qua
1382 4081 1465 4144 inter

292 4189 378 4253 viros
395 4188 527 4254 aliarum
544 4189 728 4252 Mantineae
744 4187 884 4253 tribuum
901 4185 1077 4270 (Ἐπαλέας,
1096 4185 1260 4254 Ἐνυαλίας,
1279 4184 1464 4269 Ποσοιδαίας)

292 4295 496 4360 nominantur
531 4296 591 4360 viri
620 4289 802 4376 Ὀπλοδμίας
834 4294 981 4375 (Coit-B.
1000 4298 1018 4361 I
1037 4296 1144 4372 1203).
1193 4297 1238 4361 Et
1261 4298 1345 4379 qnod
1370 4296 1465 4362 facile

292 4403 430 4468 conicias
454 4422 473 4469 a
497 4406 555 4468 deo
578 4403 665 4468 illam
701 4401 818 4468 tribum
849 4423 960 4469 nomen
984 4405 1121 4479 trahere,
1146 4405 1177 4468 id
1202 4423 1258 4486 pro
1282 4409 1370 4470 certo
1394 4423 1463 4469 esse

292 4511 472 4577 habendum
496 4513 699 4595 cognoscitur
715 4531 756 4576 ex
773 4513 909 4578 Aristot.
928 4514 966 4577 de
983 4515 1065 4592 part.
1084 4532 1133 4578 an.
1152 4513 1206 4580 ΙΙΙ
1223 4521 1273 4594 10,
1293 4517 1355 4579 673
1374 4532 1393 4577 a
1412 4521 1461 4590 19,
