3384 5134
685 333 905 418 μμ)...

209 525 255 588 καίΙ
284 526 329 588 ua
365 532 449 589 τοῦτο
483 526 534 611 τὴν
565 527 713 614 θυγατέρα
742 530 782 598 εἰς
811 527 943 614 lupone
973 529 1183 612 <repulsionem
1214 529 1313 613 βαλεῖν
1343 531 1382 600 είς

209 633 267 717 τὴν
291 634 451 696 θάλατταν.

314 763 383 829 Iam
407 767 605 830 revertamus
629 766 669 829 ad
686 765 843 831 Theseum
860 766 1008 830 admirati
1026 763 1208 832 Oasauboni
1232 785 1382 832 versuum

208 871 413 937 Timachidae
437 871 684 937 emendationem
710 868 831 952 Θήσειόν
855 869 1001 932 θ’ἁπαλὸν
1020 919 1025 932 .
1045 923 1052 938 ,
1072 920 1078 932 .
1101 869 1270 954 Λευκυθόης
1299 871 1380 956 ἱερόν,

208 979 416 1061 nequeenim
440 981 513 1060 post
536 997 574 1044 ea
598 997 680 1060 quae
704 981 947 1072 commemoravi
971 985 1158 1063 argumenta
1182 980 1311 1046 dubium
1335 982 1382 1046 vi-

209 1087 310 1164 detur,
335 1104 392 1150 cur
414 1087 470 1151 illa
493 1105 609 1152 corona
633 1106 726 1170 quam
752 1088 894 1153 Theseus
918 1088 950 1152 in
974 1107 1060 1153 mare
1093 1107 1214 1153 mersus
1238 1089 1279 1153 ab
1304 1092 1382 1154 Am-

209 1194 340 1276 phitrite
376 1193 537 1274 accepisse
572 1193 683 1275 fertur,
718 1195 814 1260 huius
849 1195 945 1259 maris
969 1213 1061 1260 sacra
1085 1195 1219 1260 dicatur.
1267 1195 1384 1276 Itaque

208 1309 369 1386 tamquam
404 1321 462 1384 per
490 1304 652 1366 texturam
688 1300 868 1366 fabularum
903 1301 1111 1384 conspicimus
1135 1321 1266 1367 vernum
1291 1323 1382 1368 usum

210 1416 352 1475 veterum
378 1407 586 1489 Cretensium,
611 1428 683 1474 nam
709 1408 764 1475 ubi
781 1409 928 1474 Ariadna
952 1412 1112 1488 coronata,
1139 1408 1193 1474 uhi
1209 1409 1327 1474 Minois
1351 1415 1382 1474 et

81 1528 82 1532 ’
208 1518 323 1582 Thesei
347 1517 419 1582 rixa
443 1523 513 1582 orta
537 1517 579 1581 sit
603 1521 739 1582 nonest
763 1517 847 1600 quod
873 1515 1009 1581 dubites.
1056 1517 1126 1580 Iam
1150 1517 1244 1580 velim
1268 1517 1383 1582 iterum

208 1623 387 1688 memineris
411 1623 533 1689 Bacchi
557 1643 576 1687 a
599 1623 750 1707 Lycurgo
774 1623 807 1688 in
831 1643 919 1688 mare
944 1622 1049 1704 fugati
1073 1629 1129 1687 aut
1154 1643 1173 1687 a
1195 1624 1326 1705 gigante
1350 1623 1384 1689 in

209 1730 324 1796 flumen
359 1731 494 1796 coniecti
527 1735 560 1794 et
593 1735 666 1812 post
701 1750 739 1795 ea
773 1749 856 1812 quae
891 1731 930 1795 de
953 1729 1076 1794 Theseo
1099 1730 1250 1810 praemisi
1274 1731 1383 1796 statim

208 1839 374 1918 intelleges
398 1837 474 1920 quid
498 1837 560 1902 sibi
584 1838 664 1902 velit
686 1838 930 1902 narratiuncula
955 1838 993 1902 de
1010 1837 1127 1902 Thesei
1143 1841 1244 1902 morte
1264 1835 1382 1920 (Arist.

209 1942 283 2004 Πολ.
306 1943 372 2004 Ἀθ.
403 1946 435 2009 in
471 1946 600 2010 Heracl.
632 1946 721 2026 Epit
753 1966 783 2028 p.
810 1953 861 2017 87,
892 1953 930 2010 17
956 1942 1060 2028 sqq.):
1098 1937 1178 2012 οὗτος
1211 1940 1308 2004 ἐλθὼν
1344 1944 1384 2012 εἰς

207 2049 317 2135 Σκῦρον
342 2049 530 2133 ἐτελεύτησεν
555 2050 661 2121 ὠσθεὶς
684 2053 758 2113 acroi
780 2057 891 2137 πετρῶν
918 2051 967 2112 ὑπὸ
984 2051 1181 2135 Λυκομήδους,
1203 2051 1384 2136 φοβηθέντος

207 2157 247 2241 μὴ
272 2157 475 2243 suscepto-pror
497 2157 549 2241 τὴν
566 2165 661 2242 νῆσον.
709 2159 782 2241 Sed,
801 2165 935 2245 quaerat
951 2162 1120 2244 quispiam,
1138 2163 1223 2226 unde
1239 2162 1383 2226 Theseus

206 2268 260 2333 ille
285 2267 372 2332 venit
396 2266 552 2350 Scyrum?
598 2270 798 2335 Praedonum
826 2268 932 2335 insula
956 2267 1018 2334 fuit
1042 2266 1178 2350 Scyrum
1209 2275 1385 2350 occupatur

207 2394 227 2438 a
250 2373 477 2450 Cretensibus;
501 2376 653 2441 certiores
677 2376 768 2441 fimus
792 2378 831 2442 de
854 2377 916 2442 hac
938 2395 973 2441 re
997 2395 1039 2441 ex
1064 2375 1083 2440 Ι
1107 2382 1171 2440 668

638 2483 689 2563 τήν
713 2480 737 2542 οἱ
759 2483 828 2565 πόρε
852 2480 910 2550 θῐυς
928 2475 1092 2564 Ἀχιλλεὺς

369 2585 479 2671 Σκῦρον
504 2583 582 2649 ἑλὼν
609 2588 732 2663 αἰπεῖαν,
752 2583 876 2671 Ἐνυῆος
899 2586 1076 2672 πτολίεθρον

208 2714 365 2798 huiusque
388 2733 501 2780 versus
525 2716 658 2781 scholio:
680 2709 805 2782 Ἐνυεὺς
822 2713 959 2776 Διονύσου
975 2713 1022 2774 καὶ
1033 2709 1200 2797 'Apiciano
1217 2710 1249 2782 ὃς
1264 2710 1384 2798 Κρῆτας

209 2816 324 2902 ἀγαγὼν
361 2817 457 2881 ἔκτισε
492 2819 544 2902 τὴν
579 2819 667 2880 πόλιν.
716 2823 854 2888 Accedit
889 2824 973 2904 quod
1008 2820 1100 2906 Scyri
1135 2821 1235 2888 habes
1258 2825 1384 2904 portum

207 2923 343 3012 Κρήσιον.
390 2930 604 3012 Repelluntnr
636 2931 759 2995 demum
790 2928 959 2996 Cretenses
984 2950 1003 2995 a
1028 2929 1217 3011 Dolopibus,
1251 2948 1383 3013 quorum

208 3056 267 3100 rex
291 3035 394 3102 fertur
416 3036 621 3118 Lycomedes.
671 3036 757 3121 Quid
780 3037 864 3119 quod
890 3038 1099 3119 Lycomedem
1124 3038 1227 3119 ipsum
1252 3036 1383 3104 Creten-

208 3163 273 3208 sem
310 3143 409 3210 tuisse
443 3143 674 3210 demonstravit
708 3164 739 3208 v.
765 3143 990 3210 Wilamowitz
1026 3145 1058 3208 in
1095 3163 1133 3210 ea
1169 3144 1385 3224 disputatione

208 3271 303 3334 quam
327 3252 513 3334 inscripsit:
533 3252 622 3317 Neue
639 3251 863 3317 Bruohstdoke
880 3253 936 3316 der
952 3251 1072 3316 hesiod.
1090 3251 1203 3316 ¹Katal.
1222 3251 1385 3331 (Berliner

209 3357 297 3424 S.·B.
318 3358 415 3439 1900)
439 3380 470 3442 p.
490 3369 518 3424 9.
567 3361 684 3442 Itaque
714 3379 788 3424 num
818 3359 884 3423 ullo
914 3361 1004 3424 modo
1037 3359 1106 3424 fieri
1129 3377 1221 3440 posse
1244 3358 1384 3441 putabis,

209 3471 243 3530 ut
277 3467 419 3532 Theseus
455 3487 517 3532 non
551 3486 614 3532 una
644 3486 715 3531 cnm
749 3465 955 3533 Cretensibus
979 3464 1071 3548 Scyri
1094 3467 1127 3531 in
1151 3467 1255 3531 insula
1278 3467 1384 3532 sedem

208 3573 268 3637 sibi
293 3573 483 3656 paraverit?
530 3575 614 3640 lllud
640 3573 768 3656 quidem
792 3577 939 3638 constare
975 3573 1116 3650 videtur3
1154 3592 1273 3657 quaero
1297 3575 1382 3640 hoc:

208 3681 316 3746 multis
339 3683 371 3746 in
396 3680 488 3747 festis
512 3701 595 3766 quae
620 3683 660 3746 ad
696 3681 896 3745 fertilitatem
933 3680 1094 3748 fructuum
1132 3685 1164 3746 et
1199 3681 1380 3747 facundiam

209 3791 283 3856 anni
318 3792 475 3872 spectant,
512 3789 548 3853 fit
585 3792 620 3853 ut
654 3789 785 3854 iuvenes
821 3788 987 3853 mulierum
1023 3788 1168 3854 vestibus
1204 3793 1236 3852 et
1271 3788 1384 3854 habitu

209 3903 350 3963 utantur.
397 3895 628 3976 Exemplorum
652 3898 754 3961 instar
770 3897 911 3978 accipias
928 3896 1008 3961 haec
1023 3914 1029 3957 :
1043 3895 1095 3975 (In
1111 3894 1267 3962 sacrificio
1285 3895 1384 3960 Ama-

209 4006 333 4070 thusiae
361 4004 537 4083 Ariadnae)
571 4001 810 4084 κατακλινὸμενόν
838 4023 899 4062 τινα
928 4007 985 4062 τῖον
1020 3999 1180 4062 νεανίσκων
1206 3999 1383 4086 φθέγγεσθαι

208 4109 254 4172 καί
276 4117 364 4171 ποιεῖν
390 4107 461 4194 ἅπερ
486 4108 634 4171 ὠδίνουσαι
656 4117 791 4192 γυναῖκες
826 4109 927 4191 (Plnt.
954 4111 1049 4175 Thes
1075 4108 1140 4191 20).
1188 4107 1240 4192 (In
1264 4108 1384 4177 Oscho-

208 4220 329 4302 phoniis
346 4214 600 4300 Atheniensium)
624 4217 724 4302 ’ρωνὴν
748 4215 795 4278 καί
819 4222 922 4300 σχῆμα
947 4215 993 4276 καί
1011 4213 1118 4297 βάδισιν
1135 4212 1176 4284 ὡς
1193 4211 1237 4280 ἔνι
1253 4214 1384 4298 μάλιστα

207 4323 364 4408 παρθένοις
387 4322 591 4406 (ὁμοιουμενυι)
609 4376 615 4388 ,
635 4375 668 4390 ..
693 4325 810 4410 ’ρέρυυσι
833 4319 915 4407 (τοὺς
938 4320 1055 4406 ὀσχοὺς)
1087 4318 1217 4406 Διονύσῳ
1241 4321 1288 4383 καί
1305 4319 1384 4405 Ἀρι-

207 4430 283 4515 άθνιρ
307 4434 498 4518 χαριζόμενοι
520 4429 566 4490 nu
591 4431 638 4492 τὸν
663 4431 752 4515 μῦθον
776 4426 795 4512 ἢ
821 4428 934 4513 μᾶλλον
959 4427 1002 4490 ὅτι
1026 4428 1277 4512 συγκομιζομένης
1309 4428 1383 4489 ὀπώ-

208 4562 261 4624 ρας
285 4538 456 4624 ἐπανῆλθον
482 4540 536 4624 (ih.
555 4539 612 4622 22)
637 4539 678 4604 ci.
697 4540 903 4620 Mannhardt‚
921 4540 1047 4604 Antike
1067 4540 1178 4604 Wald·
1202 4540 1267 4604 und
1284 4537 1383 4602 nerd-
