3384 5134
701 310 922 370 ..13-

225 485 403 565 (Bacchum
428 480 524 549 affert
538 481 724 549 Herodotus
748 479 830 564 ipse)
853 483 886 548 id
911 483 994 566 quod
1017 483 1050 548 in
1074 479 1250 548 Adrastum
1275 503 1400 568 quoque

225 595 339 660 eadere
363 589 470 651 notem
505 592 573 655 eius
608 610 690 672 quae
724 597 881 656 vocantur
915 591 1150 671 comprobatur.
1198 591 1271 676 Qua
1294 595 1399 657 autem

223 701 346 766 ratione
370 700 473 764 altera
497 698 585 763 notio
609 700 781 764 evanescat
813 699 917 762 altera
945 699 1115 776 elucescat,
1146 698 1328 765 testimonio
1351 703 1401 766 est

223 809 287 874 alia
310 807 468 873 Herodoti
492 805 612 886 fabula,
639 823 712 896 qua
726 806 808 870 duae
839 805 915 870 illae
938 805 1075 871 notionis
1104 807 1214 887 partes
1241 806 1273 870 in
1304 827 1400 872 unum

224 917 401 982 Adrastum
426 915 638 980 cumulantur.
686 914 801 997 Neque
824 914 906 980 enim
922 913 1024 995 Argis
1040 916 1164 979 tanturn
1182 917 1238 979 666
1262 913 1400 996 Sicyone

224 1025 335 1088 haeret
363 1009 499 1088 Adrasti
532 1039 660 1095 nomen;
689 1025 783 1105 plura
810 1023 906 1088 etiam
936 1019 1068 1088 Adrasti
1096 1023 1234 1105 vestigia
1261 1024 1293 1088 in
1322 1020 1401 1089 Asia

222 1131 437 1196 inveniuntur.
485 1132 523 1196 Id
557 1150 634 1196 sane
669 1130 754 1214 quod
791 1131 913 1197 Usener
946 1131 1127 1212 suspicatur
1159 1131 1334 1197 Adrestum
1369 1139 1402 1196 et

223 1234 395 1320 Amphium
420 1239 475 1322 qui
498 1242 631 1304 exstant
655 1239 689 1302 in
705 1241 733 1304 B
751 1243 907 1303 828-34
923 1239 1050 1304 eosdem
1074 1257 1143 1304 6666
1167 1243 1263 1322 atque
1278 1236 1400 1305 Adras-

175 1357 177 1360 ’
222 1349 291 1412 turn
315 1355 348 1412 ct
372 1346 604 1428 Amphiaraum
635 1345 683 1428 (in
706 1346 812 1410 Bethe
845 1346 990 1411 Theben.
1020 1347 1248 1412 Heldenlieder
1276 1365 1308 1428 p.
1333 1348 1400 1429 65),

224 1454 263 1518 66
286 1472 355 1518 meo
378 1452 564 1520 confirmare
587 1473 650 1518 non
675 1455 794 1536 audeo;
818 1473 892 1520 nam
915 1455 947 1518 in
971 1455 999 1518 B
1024 1455 1187 1520 Adrastus
1210 1458 1260 1519 est
1283 1472 1399 1537 epony·

222 1579 293 1626 mus
316 1560 384 1625 eius
408 1579 501 1643 quem
526 1564 624 1643 poeta
647 1561 739 1626 novit
763 1562 945 1627 Adrasteae
968 1562 1090 1642 campi:

384 1683 411 1744 οἳ
432 1682 458 1744 δ’
474 1681 663 1768 Ἀδρήστειάν
686 1683 712 1745 τ’
738 1677 814 1769 εἶχον
833 1683 880 1746 καὶ
902 1683 993 1768 δῆμον
1019 1683 1157 1745 Ἀπαισοῦ
1183 1733 1189 1745 .
1216 1733 1223 1746 .

386 1798 444 1853 τῶν
467 1783 539 1877 ἦρχ’
555 1787 722 1878 Ἄδρηστος
747 1841 753 1853 .
781 1841 787 1854 .
814 1845 821 1859 .
869 1795 952 1877 quod
977 1795 1060 1860 idern
1084 1795 1117 1859 in
1141 1814 1212 1860 eum
1229 1791 1400 1861 Adrastum

223 1902 278 1984 qui
302 1906 352 1966 est
376 1901 409 1966 in
433 1903 519 1967 Ζ51
538 1921 608 1986 sqq.
634 1904 748 1969 cadere
771 1903 913 1984 videtur;
952 1922 1024 1967 uam
1041 1903 1135 1984 plura
1159 1903 1187 1968 is
1211 1904 1265 1986 qui
1281 1905 1309 1968 Z
1326 1903 1401 1968 libri

224 2007 348 2074 initium
374 2007 514 2075 confecit
537 2010 672 2092 sumpsit
695 2011 823 2075 nomina
848 2029 867 2074 a
890 2009 967 2074 locis
986 2009 1148 2092 Phrygiae
1172 2012 1262 2075 velut
1280 2010 1401 2092 Aesopi

224 2120 257 2180 et
279 2117 396 2182 Pedani
419 2114 480 2195 (66.
499 2117 565 2198 21),
601 2136 734 2200 quorum
769 2118 929 2183 nominum
965 2119 1065 2183 altero
1097 2117 1213 2183 flumen
1249 2118 1292 2200 (B
1311 2115 1400 2198 825),

225 2223 326 2289 altero
362 2224 514 2306 oppidum
550 2221 591 2306 (Z
609 2224 679 2304 35)·
698 2225 868 2300 indicatur,
903 2243 1006 2308 neque
1040 2225 1143 2306 magis
1177 2225 1298 2306 dubito,
1323 2226 1400 2309 quin

223 2325 350 2410 Πιδύτης
365 2331 535 2397 Percosius
560 2329 603 2414 (Z
622 2331 677 2410 30)
694 2349 808 2397 nomen
833 2331 962 2397 duxerit
986 2351 1005 2396 6
1021 2333 1147 2414 Mysiae
1163 2331 1293 2398 flumine
1316 2333 1401 2416 quod

223 2441 357 2504 vocatur
381 2432 479 2505 sstoee.
527 2436 697 2504 Gravioris
721 2437 800 2504 mihi
834 2439 983 2505 momenti
1018 2439 1156 2519 videtur,
1196 2438 1281 2522 quod
1304 2441 1401 2504 series

223 2544 431 2611 Troianorum
461 2564 481 2610 6
512 2547 661 2611 Patroclo
693 2545 935 2612 interfectorum
964 2547 997 2611 in
1026 2545 1104 2611 duos
1138 2549 1263 2612 tautum
1287 2565 1401 2612 versus

224 2651 396 2717 distributa
411 2651 524 2735 incipit
549 2651 589 2717 ab
607 2653 757 2732 Adrasto,
782 2655 943 2718 clauditur
965 2672 984 2716 6
1001 2653 1186 2736 Melanippo
1214 2650 1256 2734 (Π
1274 2652 1400 2738 6946),

223 2759 280 2822 666
314 2760 389 2824 11666
423 2760 484 2826 hoc
519 2779 645 2843 quoque
680 2761 768 2825 casui
792 2759 954 2841 debeatur,
980 2779 1109 2828 necesse
1132 2765 1182 2826 est
1206 2763 1401 2828 Adrasteam

222 2866 372 2948 oppidum
389 2867 429 2932 ab
447 2869 590 2933 Adrasto
607 2869 742 2951 quodam
760 2870 952 2934 nominatam
977 2888 1055 2947 esse,
1081 2872 1186 2934 utrum
1210 2869 1251 2934 ab
1275 2870 1401 2936 homine

223 2975 398 3054 666666,
423 2976 652 3040 examinemus.
700 2977 753 3042 Ac
777 2977 925 3058 permulti
956 2976 1082 3058 quidem
1112 2980 1242 3041 exstant
1268 2973 1400 3042 Adrasti

221 3083 372 3147 mortales
396 3100 468 3147 cum
490 3083 523 3148 in
548 3083 693 3166 Phrygia
712 3087 778 3148 tum
802 3084 835 3148 in
858 3079 955 3148 Caria
979 3080 1034 3163 (cf.
1052 3084 1195 3164 Ramsay
1212 3083 1313 3151 Cities
1338 3086 1400 3149 666

222 3187 401 3270 bishoprics
425 3189 461 3255 of
481 3190 626 3273 Phrygia
649 3192 667 3256 Ι
687 3190 818 3270 1,166),
844 3190 899 3274 qui
923 3190 982 3255 soli
1005 3189 1086 3256 nihil
1112 3189 1236 3258 faciunt
1259 3193 1300 3256 66
1323 3211 1400 3269 rem,

222 3297 279 3362 666
310 3303 423 3363 extare
456 3297 603 3362 Attudae
636 3298 669 3362 in
704 3297 821 3379 oppido
844 3295 959 3364 Cariae
993 3298 1084 3363 ludes
1119 3317 1246 3382 queque
1270 3300 1402 3364 Adrasti

222 3409 357 3488 apparet
379 3424 397 3470 e
420 3407 459 3470 B.
477 3403 514 3472 Ο.
535 3405 577 3469 Η.
607 3410 701 3484 1890,
727 3411 801 3482 238,
827 3403 882 3470 ubi
905 3405 1023 3484 legitur
1047 3399 1208 3490 ’Oldppne
1229 3401 1390 3490 Ἡράκλεια

222 3507 395 3596 Ἀδράὰτηα
417 3507 536 3593 ’1166θῆ
550 3509 635 3596 τύχῃ,
661 3531 740 3596 quos
756 3513 899 3578 Adrasto
924 3513 981 3577 deo
998 3531 1105 3578 sacros
1130 3531 1200 3578 esse
1223 3533 1280 3596 pro
1311 3517 1399 3580 certo

220 3619 323 3686 haheo
347 3637 388 3684 ex
412 3638 450 3684 ea
473 3638 570 3702 quarn
595 3619 664 3684 diri
680 3619 837 3686 Herodoti
854 3619 965 3684 tabula
981 3616 1010 3701 (Ι
1027 3627 1069 3684 34
1086 3617 1170 3703 sqq).
1218 3621 1292 3686 Hac
1316 3623 1399 3686 enim

221 3726 254 3790 in
278 3726 391 3792 fabula
415 3725 504 3811 Atyn
528 3745 591 3792 non
616 3725 743 3793 differre
767 3726 808 3792 ab
825 3727 900 3792 Atti
924 3727 979 3808 qui
1004 3727 1044 3791 ab
1068 3746 1146 3808 apro
1170 3729 1316 3794 caeditur
1338 3729 1401 3793 iam

222 3834 277 3899 616
300 3837 409 3900 notum
432 3838 482 3900 est
505 3833 562 3914 (cf.
586 3835 741 3916 Hepding
763 3835 855 3900 Attis
879 3855 908 3917 p.
937 3834 1021 3916 101).
1070 3834 1133 3899 Sed
1157 3834 1210 3900 ille
1234 3841 1270 3900 66
1293 3833 1330 3901 fit
1354 3855 1400 3901 ex

222 3941 281 4006 deo
304 3942 397 4008 homo
420 3941 522 4008 fatum
547 3943 664 4025 accipit
687 3945 772 4025 quod
795 3940 935 4024 effugere
958 3942 1071 4025 nequit
1088 3963 1095 4004 :
1115 3940 1198 4007 ferro
1222 3962 1292 4008 eum
1316 3943 1401 4025 peri·

221 4052 338 4114 turum.
386 4044 490 4115 (iavet
524 4054 697 4134 utcumque
728 4053 849 4132 potest;
883 4048 1014 4114 frustra.
1062 4050 1127 4114 Pro
1162 4049 1230 4116 fato
1254 4051 1328 4117 huic
1352 4058 1401 4117 est

221 4155 403 4230 Adrastus3
439 4157 617 4223 Adrastum
652 4157 753 4240 igitur
787 4155 928 4238 effugere
960 4155 1082 4240 nequit.
1141 4157 1203 4221 Sed
1238 4158 1401 4238 impendet

221 4262 317 4329 etiarn
350 4265 492 4331 Adrasto
521 4264 632 4332 fatum.
681 4267 809 4332 Invitus
838 4267 962 4347 patrem
990 4265 1130 4346 necavit,
1156 4265 1277 4330 invitus
1301 4272 1397 4332 necat

221 4367 320 4454 Atyn.
367 4371 432 4438 Sed
455 4373 515 4438 hoc
538 4394 633 4458 quam
650 4374 820 4441 artificiose
843 4375 1008 4439 inventum
1031 4373 1085 4451 sit,
1111 4374 1268 4439 neminem
1294 4372 1398 4456 fugit;

220 4497 315 4562 quam
351 4481 480 4560 pau'um
515 4481 556 4545 ad
590 4501 655 4545 rem
692 4480 800 4560 faciat,
835 4487 928 4562 poeta
963 4481 1031 4561 ipse
1066 4481 1186 4546 indicat
1207 4499 1215 4545 :
1233 4499 1307 4546 unm
1332 4501 1395 4547 non
