<?xml version="1.0" encoding="UTF-8"?>
<!DOCTYPE html PUBLIC "-//W3C//DTD XHTML 1.0 Transitional//EN"
    "http://www.w3.org/TR/xhtml1/DTD/xhtml1-transitional.dtd">
<html xmlns="http://www.w3.org/1999/xhtml" xml:lang="en" lang="en">
 <head>
  <title>
</title>
<meta http-equiv="Content-Type" content="text/html;charset=utf-8" />
  <meta name='ocr-system' content='tesseract 3.04.00' />
  <meta name='ocr-capabilities' content='ocr_page ocr_carea ocr_par ocr_line ocrx_word'/>
</head>
<body>
  <div class='ocr_page' id='page_1' title='image "./dejovecretico00unkngoog_0046.png"; bbox 0 0 3384 5134; ppageno 0'>
   <div class='ocr_carea' id='block_1_1' title="bbox 690 317 910 378">
    <p class='ocr_par' dir='ltr' id='par_1_1' title="bbox 690 317 910 378">
     <span class='ocr_line' id='line_1_1' title="bbox 690 317 910 378; baseline -0.014 -20"><span class='ocrx_word' id='word_1_1' title='bbox 690 317 910 378; x_wconf 75' lang='grc'><strong>..43-</strong></span> 
     </span>
    </p>
   </div>
   <div class='ocr_carea' id='block_1_2' title="bbox 213 482 1391 2504">
    <p class='ocr_par' dir='ltr' id='par_1_2' title="bbox 213 482 1391 2504">
     <span class='ocr_line' id='line_1_2' title="bbox 214 482 1388 572; baseline -0.002 -16"><span class='ocrx_word' id='word_1_2' title='bbox 214 490 245 556; x_wconf 93' lang='lat' dir='ltr'><strong>in</strong></span> <span class='ocrx_word' id='word_1_3' title='bbox 276 491 465 557; x_wconf 84' lang='lat' dir='ltr'><strong>sanseritica</strong></span> <span class='ocrx_word' id='word_1_4' title='bbox 502 491 612 572; x_wconf 77' lang='lat' dir='ltr'><strong>lingua</strong></span> <span class='ocrx_word' id='word_1_5' title='bbox 645 491 732 558; x_wconf 90' lang='lat' dir='ltr'><strong>notio</strong></span> <span class='ocrx_word' id='word_1_6' title='bbox 761 492 845 556; x_wconf 89' lang='lat' dir='ltr'><strong>inest</strong></span> <span class='ocrx_word' id='word_1_7' title='bbox 876 489 1004 572; x_wconf 80' lang='lat' dir='ltr'><strong>vigendi</strong></span> <span class='ocrx_word' id='word_1_8' title='bbox 1032 482 1268 570; x_wconf 79' lang='lat' dir='ltr'><strong>(„gedeihen“l.</strong></span> <span class='ocrx_word' id='word_1_9' title='bbox 1319 487 1388 554; x_wconf 88' lang='lat' dir='ltr'><strong>Iam</strong></span> 
     </span>
     <span class='ocr_line' id='line_1_3' title="bbox 213 597 1389 680; baseline -0.001 -18"><span class='ocrx_word' id='word_1_10' title='bbox 213 598 312 678; x_wconf 85' lang='lat' dir='ltr'><strong>igitur</strong></span> <span class='ocrx_word' id='word_1_11' title='bbox 335 603 478 680; x_wconf 86' lang='lat' dir='ltr'><strong>apparet,</strong></span> <span class='ocrx_word' id='word_1_12' title='bbox 504 618 560 665; x_wconf 92' lang='lat' dir='ltr'><strong>cur</strong></span> <span class='ocrx_word' id='word_1_13' title='bbox 584 598 687 664; x_wconf 87' lang='lat' dir='ltr'><strong>forma</strong></span> <span class='ocrx_word' id='word_1_14' title='bbox 715 603 747 665; x_wconf 92' lang='lat' dir='ltr'><strong>et</strong></span> <span class='ocrx_word' id='word_1_15' title='bbox 781 599 921 664; x_wconf 91' lang='lat' dir='ltr'><strong>humana</strong></span> <span class='ocrx_word' id='word_1_16' title='bbox 949 599 981 662; x_wconf 91' lang='lat' dir='ltr'><strong>et</strong></span> <span class='ocrx_word' id='word_1_17' title='bbox 1010 598 1141 679; x_wconf 86' lang='lat' dir='ltr'><strong>caprina</strong></span> <span class='ocrx_word' id='word_1_18' title='bbox 1164 597 1323 662; x_wconf 88' lang='lat' dir='ltr'><strong>instructa</strong></span> <span class='ocrx_word' id='word_1_19' title='bbox 1346 597 1389 662; x_wconf 89' lang='lat' dir='ltr'><strong>sit</strong></span> 
     </span>
     <span class='ocr_line' id='line_1_4' title="bbox 213 700 1389 789; baseline 0 -19"><span class='ocrx_word' id='word_1_20' title='bbox 213 706 392 770; x_wconf 89' lang='lat' dir='ltr'><strong>Amalthea</strong></span> <span class='ocrx_word' id='word_1_21' title='bbox 416 726 519 788; x_wconf 89' lang='lat' dir='ltr'><strong>neque</strong></span> <span class='ocrx_word' id='word_1_22' title='bbox 550 707 653 771; x_wconf 90' lang='lat' dir='ltr'><strong>minus</strong></span> <span class='ocrx_word' id='word_1_23' title='bbox 684 713 817 789; x_wconf 89' lang='lat' dir='ltr'><strong>apparet</strong></span> <span class='ocrx_word' id='word_1_24' title='bbox 841 705 917 789; x_wconf 94' lang='lat' dir='ltr'><strong>quid</strong></span> <span class='ocrx_word' id='word_1_25' title='bbox 942 705 1003 770; x_wconf 87' lang='lat' dir='ltr'><strong>sibi</strong></span> <span class='ocrx_word' id='word_1_26' title='bbox 1036 705 1115 770; x_wconf 90' lang='lat' dir='ltr'><strong>velit</strong></span> <span class='ocrx_word' id='word_1_27' title='bbox 1133 700 1320 784; x_wconf 72' lang='grc' dir='ltr'>Ἀμαλθείας</span> <span class='ocrx_word' id='word_1_28' title='bbox 1343 701 1389 762; x_wconf 81' lang='grc' dir='ltr'><strong>κέ·</strong></span> 
     </span>
     <span class='ocr_line' id='line_1_5' title="bbox 215 811 1390 896; baseline -0.002 -18"><span class='ocrx_word' id='word_1_29' title='bbox 215 831 277 894; x_wconf 69' lang='grc' dir='ltr'>ρας,</span> <span class='ocrx_word' id='word_1_30' title='bbox 303 813 393 878; x_wconf 90' lang='lat' dir='ltr'><strong>cuius</strong></span> <span class='ocrx_word' id='word_1_31' title='bbox 418 813 510 878; x_wconf 89' lang='lat' dir='ltr'><strong>nobis</strong></span> <span class='ocrx_word' id='word_1_32' title='bbox 535 831 728 896; x_wconf 89' lang='lat' dir='ltr'><strong>quamquam</strong></span> <span class='ocrx_word' id='word_1_33' title='bbox 753 833 815 878; x_wconf 88' lang='lat' dir='ltr'><strong>non</strong></span> <span class='ocrx_word' id='word_1_34' title='bbox 839 832 898 893; x_wconf 92' lang='lat' dir='ltr'><strong>par</strong></span> <span class='ocrx_word' id='word_1_35' title='bbox 922 819 1028 877; x_wconf 88' lang='lat' dir='ltr'><strong>tamen</strong></span> <span class='ocrx_word' id='word_1_36' title='bbox 1052 811 1157 876; x_wconf 90' lang='lat' dir='ltr'><strong>simile</strong></span> <span class='ocrx_word' id='word_1_37' title='bbox 1181 814 1213 875; x_wconf 89' lang='lat' dir='ltr'><strong>et</strong></span> <span class='ocrx_word' id='word_1_38' title='bbox 1229 829 1390 892; x_wconf 84' lang='lat' dir='ltr'><strong>compara·</strong></span> 
     </span>
     <span class='ocr_line' id='line_1_6' title="bbox 214 918 1388 1003; baseline -0.002 -19"><span class='ocrx_word' id='word_1_39' title='bbox 214 918 278 985; x_wconf 92' lang='lat' dir='ltr'><strong>bile</strong></span> <span class='ocrx_word' id='word_1_40' title='bbox 302 925 352 984; x_wconf 92' lang='lat' dir='ltr'><strong>est</strong></span> <span class='ocrx_word' id='word_1_41' title='bbox 374 921 628 996; x_wconf 79' lang='lat' dir='ltr'><strong>instrumentum,</strong></span> <span class='ocrx_word' id='word_1_42' title='bbox 654 922 739 1003; x_wconf 90' lang='lat' dir='ltr'><strong>quod</strong></span> <span class='ocrx_word' id='word_1_43' title='bbox 755 921 858 999; x_wconf 91' lang='lat' dir='ltr'><strong>ipsum</strong></span> <span class='ocrx_word' id='word_1_44' title='bbox 876 938 1002 1002; x_wconf 87' lang='lat' dir='ltr'><strong>quoque</strong></span> <span class='ocrx_word' id='word_1_45' title='bbox 1027 918 1203 984; x_wconf 76' lang='lat' dir='ltr'><strong>fertilitatis</strong></span> <span class='ocrx_word' id='word_1_46' title='bbox 1228 919 1290 984; x_wconf 88' lang='lat' dir='ltr'><strong>viru</strong></span> <span class='ocrx_word' id='word_1_47' title='bbox 1316 937 1388 982; x_wconf 88' lang='lat' dir='ltr'><strong>eon-</strong></span> 
     </span>
     <span class='ocr_line' id='line_1_7' title="bbox 214 1022 1389 1111; baseline -0.001 -21"><span class='ocrx_word' id='word_1_48' title='bbox 214 1027 316 1092; x_wconf 90' lang='lat' dir='ltr'><strong>tinere</strong></span> <span class='ocrx_word' id='word_1_49' title='bbox 341 1029 541 1107; x_wconf 78' lang='lat' dir='ltr'><strong>credebatur,</strong></span> <span class='ocrx_word' id='word_1_50' title='bbox 570 1029 602 1094; x_wconf 88' lang='lat' dir='ltr'><strong>id</strong></span> <span class='ocrx_word' id='word_1_51' title='bbox 632 1029 701 1093; x_wconf 89' lang='lat' dir='ltr'><strong>dico</strong></span> <span class='ocrx_word' id='word_1_52' title='bbox 731 1029 815 1111; x_wconf 88' lang='lat' dir='ltr'><strong>quod</strong></span> <span class='ocrx_word' id='word_1_53' title='bbox 844 1028 1019 1092; x_wconf 88' lang='lat' dir='ltr'><strong>vernacula</strong></span> <span class='ocrx_word' id='word_1_54' title='bbox 1041 1027 1153 1107; x_wconf 83' lang='lat' dir='ltr'><strong>lingua</strong></span> <span class='ocrx_word' id='word_1_55' title='bbox 1178 1022 1389 1092; x_wconf 84' lang='lat' dir='ltr'><strong>‘Bcekshorn&#39;</strong></span> 
     </span>
     <span class='ocr_line' id='line_1_8' title="bbox 214 1132 1388 1218; baseline -0.001 -21"><span class='ocrx_word' id='word_1_56' title='bbox 214 1154 375 1214; x_wconf 73' lang='lat' dir='ltr'><strong>vocamus</strong></span> <span class='ocrx_word' id='word_1_57' title='bbox 411 1136 451 1200; x_wconf 91' lang='lat' dir='ltr'><strong>de</strong></span> <span class='ocrx_word' id='word_1_58' title='bbox 487 1155 549 1218; x_wconf 87' lang='lat' dir='ltr'><strong>quo</strong></span> <span class='ocrx_word' id='word_1_59' title='bbox 584 1137 783 1200; x_wconf 90' lang='lat' dir='ltr'><strong>Mannhardt</strong></span> <span class='ocrx_word' id='word_1_60' title='bbox 806 1136 827 1198; x_wconf 91' lang='lat' dir='ltr'><strong>l.</strong></span> <span class='ocrx_word' id='word_1_61' title='bbox 850 1152 875 1198; x_wconf 86' lang='grc'><strong>0.</strong></span> <span class='ocrx_word' id='word_1_62' title='bbox 899 1135 935 1199; x_wconf 90' lang='grc' dir='ltr'><strong>ΙΙ</strong></span> <span class='ocrx_word' id='word_1_63' title='bbox 959 1153 990 1214; x_wconf 90' lang='lat' dir='ltr'><strong>p.</strong></span> <span class='ocrx_word' id='word_1_64' title='bbox 1010 1133 1110 1214; x_wconf 74' lang='lat' dir='ltr'><strong>stell</strong></span> <span class='ocrx_word' id='word_1_65' title='bbox 1147 1133 1194 1198; x_wconf 89' lang='lat' dir='ltr'><strong>sic</strong></span> <span class='ocrx_word' id='word_1_66' title='bbox 1229 1132 1388 1215; x_wconf 90' lang='lat' dir='ltr'><strong>disputat:</strong></span> 
     </span>
     <span class='ocr_line' id='line_1_9' title="bbox 221 1241 1388 1317; baseline 0.001 -12"><span class='ocrx_word' id='word_1_67' title='bbox 221 1241 286 1317; x_wconf 82' lang='lat' dir='ltr'><strong>„lm</strong></span> <span class='ocrx_word' id='word_1_68' title='bbox 311 1243 401 1307; x_wconf 86' lang='lat' dir='ltr'><strong>Harn</strong></span> <span class='ocrx_word' id='word_1_69' title='bbox 426 1243 511 1308; x_wconf 88' lang='lat' dir='ltr'><strong>hiess</strong></span> <span class='ocrx_word' id='word_1_70' title='bbox 535 1245 593 1308; x_wconf 88' lang='lat' dir='ltr'><strong>das</strong></span> <span class='ocrx_word' id='word_1_71' title='bbox 618 1241 809 1309; x_wconf 89' lang='lat' dir='ltr'><strong>Osterfeuer</strong></span> <span class='ocrx_word' id='word_1_72' title='bbox 833 1242 1166 1307; x_wconf 83' lang='lat' dir='ltr'><strong>Bockshernbrennen</strong></span> <span class='ocrx_word' id='word_1_73' title='bbox 1195 1241 1273 1305; x_wconf 82' lang='lat' dir='ltr'><strong>oder</strong></span> <span class='ocrx_word' id='word_1_74' title='bbox 1296 1244 1388 1306; x_wconf 86' lang='lat' dir='ltr'><strong>kurz·</strong></span> 
     </span>
     <span class='ocr_line' id='line_1_10' title="bbox 214 1348 1388 1430; baseline 0.001 -18"><span class='ocrx_word' id='word_1_75' title='bbox 214 1369 285 1430; x_wconf 83' lang='lat' dir='ltr'><strong>weg</strong></span> <span class='ocrx_word' id='word_1_76' title='bbox 309 1352 367 1415; x_wconf 88' lang='lat' dir='ltr'><strong>das</strong></span> <span class='ocrx_word' id='word_1_77' title='bbox 383 1351 584 1428; x_wconf 84' lang='lat' dir='ltr'><strong>Bcckshcrn,</strong></span> <span class='ocrx_word' id='word_1_78' title='bbox 610 1348 855 1414; x_wconf 87' lang='lat' dir='ltr'><strong>unzweifelhaft</strong></span> <span class='ocrx_word' id='word_1_79' title='bbox 872 1349 943 1414; x_wconf 91' lang='lat' dir='ltr'><strong>weil</strong></span> <span class='ocrx_word' id='word_1_80' title='bbox 960 1367 1032 1414; x_wconf 90' lang='lat' dir='ltr'><strong>man</strong></span> <span class='ocrx_word' id='word_1_81' title='bbox 1050 1348 1180 1413; x_wconf 90' lang='lat' dir='ltr'><strong>ehedem</strong></span> <span class='ocrx_word' id='word_1_82' title='bbox 1197 1351 1248 1413; x_wconf 87' lang='lat' dir='ltr'><strong>ein</strong></span> <span class='ocrx_word' id='word_1_83' title='bbox 1265 1349 1388 1414; x_wconf 87' lang='lat' dir='ltr'><strong>Boeks-</strong></span> 
     </span>
     <span class='ocr_line' id='line_1_11' title="bbox 214 1455 1390 1536; baseline 0 -16"><span class='ocrx_word' id='word_1_84' title='bbox 214 1457 293 1521; x_wconf 88' lang='lat' dir='ltr'><strong>horn</strong></span> <span class='ocrx_word' id='word_1_85' title='bbox 318 1457 349 1521; x_wconf 96' lang='lat' dir='ltr'><strong>in</strong></span> <span class='ocrx_word' id='word_1_86' title='bbox 374 1457 424 1522; x_wconf 88' lang='lat' dir='ltr'><strong>die</strong></span> <span class='ocrx_word' id='word_1_87' title='bbox 448 1459 613 1522; x_wconf 81' lang='lat' dir='ltr'><strong>Flammen</strong></span> <span class='ocrx_word' id='word_1_88' title='bbox 636 1456 728 1533; x_wconf 86' lang='lat' dir='ltr'><strong>warf,</strong></span> <span class='ocrx_word' id='word_1_89' title='bbox 753 1457 892 1522; x_wconf 79' lang='lat' dir='ltr'><strong>welches</strong></span> <span class='ocrx_word' id='word_1_90' title='bbox 917 1457 987 1521; x_wconf 91' lang='lat' dir='ltr'><strong>dem</strong></span> <span class='ocrx_word' id='word_1_91' title='bbox 1009 1455 1189 1522; x_wconf 84' lang='lat' dir='ltr'><strong>Kornbock</strong></span> <span class='ocrx_word' id='word_1_92' title='bbox 1212 1456 1390 1536; x_wconf 80' lang='lat' dir='ltr'><strong>angeherig</strong></span> 
     </span>
     <span class='ocr_line' id='line_1_12' title="bbox 213 1563 1391 1646; baseline 0 -18"><span class='ocrx_word' id='word_1_93' title='bbox 213 1565 352 1646; x_wconf 83' lang='lat' dir='ltr'><strong>gedacht</strong></span> <span class='ocrx_word' id='word_1_94' title='bbox 375 1565 517 1643; x_wconf 85' lang='lat' dir='ltr'><strong>wurde“‚</strong></span> <span class='ocrx_word' id='word_1_95' title='bbox 543 1568 678 1646; x_wconf 91' lang='lat' dir='ltr'><strong>apparet</strong></span> <span class='ocrx_word' id='word_1_96' title='bbox 701 1565 837 1646; x_wconf 91' lang='lat' dir='ltr'><strong>denique</strong></span> <span class='ocrx_word' id='word_1_97' title='bbox 861 1583 918 1630; x_wconf 93' lang='lat' dir='ltr'><strong>cur</strong></span> <span class='ocrx_word' id='word_1_98' title='bbox 934 1564 1088 1644; x_wconf 84' lang='lat' dir='ltr'><strong>Juppiter</strong></span> <span class='ocrx_word' id='word_1_99' title='bbox 1112 1563 1221 1628; x_wconf 88' lang='lat' dir='ltr'><strong>infans</strong></span> <span class='ocrx_word' id='word_1_100' title='bbox 1245 1563 1299 1645; x_wconf 91' lang='lat' dir='ltr'><strong>qui</strong></span> <span class='ocrx_word' id='word_1_101' title='bbox 1322 1564 1391 1644; x_wconf 89' lang='lat' dir='ltr'><strong>ipse</strong></span> 
     </span>
     <span class='ocr_line' id='line_1_13' title="bbox 214 1666 1388 1753; baseline 0 -19"><span class='ocrx_word' id='word_1_102' title='bbox 214 1689 385 1752; x_wconf 84' lang='lat' dir='ltr'>numquam</span> <span class='ocrx_word' id='word_1_103' title='bbox 418 1677 453 1736; x_wconf 94' lang='lat' dir='ltr'><strong>ut</strong></span> <span class='ocrx_word' id='word_1_104' title='bbox 482 1672 603 1737; x_wconf 88' lang='lat' dir='ltr'><strong>haedus</strong></span> <span class='ocrx_word' id='word_1_105' title='bbox 636 1672 816 1736; x_wconf 83' lang='lat' dir='ltr'><strong>colitur-</strong></span> <span class='ocrx_word' id='word_1_106' title='bbox 843 1667 929 1752; x_wconf 87' lang='lat' dir='ltr'><strong>(narn</strong></span> <span class='ocrx_word' id='word_1_107' title='bbox 959 1666 1110 1753; x_wconf 65' lang='grc' dir='ltr'>αἰγοφάῑος</span> <span class='ocrx_word' id='word_1_108' title='bbox 1141 1675 1174 1735; x_wconf 91' lang='lat' dir='ltr'><strong>et</strong></span> <span class='ocrx_word' id='word_1_109' title='bbox 1197 1669 1318 1752; x_wconf 71' lang='grc' dir='ltr'><strong>αἰγίοχος</strong></span> <span class='ocrx_word' id='word_1_110' title='bbox 1342 1681 1388 1734; x_wconf 85' lang='lat' dir='ltr'><strong>est</strong></span> 
     </span>
     <span class='ocr_line' id='line_1_14' title="bbox 214 1775 1390 1860; baseline -0.002 -18"><span class='ocrx_word' id='word_1_111' title='bbox 214 1778 367 1860; x_wconf 76' lang='lat' dir='ltr'><strong>duppiter</strong></span> <span class='ocrx_word' id='word_1_112' title='bbox 396 1779 524 1844; x_wconf 91' lang='lat' dir='ltr'><strong>adultus</strong></span> <span class='ocrx_word' id='word_1_113' title='bbox 562 1781 670 1842; x_wconf 86' lang='lat' dir='ltr'><strong>aetate</strong></span> <span class='ocrx_word' id='word_1_114' title='bbox 702 1779 789 1858; x_wconf 71' lang='lat' dir='ltr'><strong>deus</strong></span> <span class='ocrx_word' id='word_1_115' title='bbox 819 1778 909 1844; x_wconf 91' lang='lat' dir='ltr'><strong>cuius</strong></span> <span class='ocrx_word' id='word_1_116' title='bbox 938 1778 987 1842; x_wconf 85' lang='lat' dir='ltr'><strong>vis</strong></span> <span class='ocrx_word' id='word_1_117' title='bbox 1016 1796 1053 1844; x_wconf 88' lang='lat' dir='ltr'><strong>ac</strong></span> <span class='ocrx_word' id='word_1_118' title='bbox 1082 1777 1168 1843; x_wconf 89' lang='lat' dir='ltr'><strong>notio</strong></span> <span class='ocrx_word' id='word_1_119' title='bbox 1202 1775 1241 1840; x_wconf 89' lang='lat' dir='ltr'><strong>ab</strong></span> <span class='ocrx_word' id='word_1_120' title='bbox 1266 1775 1390 1841; x_wconf 90' lang='lat' dir='ltr'><strong>infante</strong></span> 
     </span>
     <span class='ocr_line' id='line_1_15' title="bbox 214 1881 1391 1968; baseline -0.002 -18"><span class='ocrx_word' id='word_1_121' title='bbox 214 1890 280 1950; x_wconf 89' lang='lat' dir='ltr'><strong>toto</strong></span> <span class='ocrx_word' id='word_1_122' title='bbox 305 1887 393 1952; x_wconf 88' lang='lat' dir='ltr'><strong>eaelo</strong></span> <span class='ocrx_word' id='word_1_123' title='bbox 417 1885 528 1960; x_wconf 80' lang='lat' dir='ltr'><strong>distat)</strong></span> <span class='ocrx_word' id='word_1_124' title='bbox 558 1922 591 1929; x_wconf 95' lang='lat'><strong>—</strong></span> <span class='ocrx_word' id='word_1_125' title='bbox 621 1905 678 1951; x_wconf 87' lang='lat' dir='ltr'><strong>cur</strong></span> <span class='ocrx_word' id='word_1_126' title='bbox 706 1886 807 1968; x_wconf 80' lang='lat' dir='ltr'><strong>igitur</strong></span> <span class='ocrx_word' id='word_1_127' title='bbox 834 1886 989 1968; x_wconf 85' lang='lat' dir='ltr'><strong>Juppiter</strong></span> <span class='ocrx_word' id='word_1_128' title='bbox 1017 1885 1126 1950; x_wconf 89' lang='lat' dir='ltr'><strong>infans</strong></span> <span class='ocrx_word' id='word_1_129' title='bbox 1155 1884 1196 1950; x_wconf 91' lang='lat' dir='ltr'><strong>ab</strong></span> <span class='ocrx_word' id='word_1_130' title='bbox 1220 1881 1391 1950; x_wconf 87' lang='lat' dir='ltr'><strong>Amalthea</strong></span> 
     </span>
     <span class='ocr_line' id='line_1_16' title="bbox 214 1993 1391 2076; baseline -0.002 -19"><span class='ocrx_word' id='word_1_131' title='bbox 214 1994 385 2073; x_wconf 84' lang='lat' dir='ltr'><strong>nutriatur,</strong></span> <span class='ocrx_word' id='word_1_132' title='bbox 414 1993 441 2058; x_wconf 92' lang='lat' dir='ltr'><strong>is</strong></span> <span class='ocrx_word' id='word_1_133' title='bbox 470 1994 526 2076; x_wconf 90' lang='lat' dir='ltr'><strong>qui</strong></span> <span class='ocrx_word' id='word_1_134' title='bbox 557 1994 666 2059; x_wconf 86' lang='lat' dir='ltr'><strong>Praesi</strong></span> <span class='ocrx_word' id='word_1_135' title='bbox 695 1994 726 2058; x_wconf 93' lang='lat' dir='ltr'><strong>iu</strong></span> <span class='ocrx_word' id='word_1_136' title='bbox 757 1993 873 2074; x_wconf 90' lang='lat' dir='ltr'><strong>oppido</strong></span> <span class='ocrx_word' id='word_1_137' title='bbox 904 2013 924 2057; x_wconf 93' lang='lat' dir='ltr'><strong>a</strong></span> <span class='ocrx_word' id='word_1_138' title='bbox 951 2013 1008 2058; x_wconf 91' lang='lat' dir='ltr'><strong>sue</strong></span> <span class='ocrx_word' id='word_1_139' title='bbox 1037 1993 1143 2072; x_wconf 89' lang='lat' dir='ltr'><strong>alitur,</strong></span> <span class='ocrx_word' id='word_1_140' title='bbox 1175 1993 1230 2074; x_wconf 90' lang='lat' dir='ltr'><strong>qui</strong></span> <span class='ocrx_word' id='word_1_141' title='bbox 1258 1993 1326 2074; x_wconf 91' lang='lat' dir='ltr'><strong>ipse</strong></span> <span class='ocrx_word' id='word_1_142' title='bbox 1355 1995 1391 2056; x_wconf 93' lang='lat' dir='ltr'><strong>ut</strong></span> 
     </span>
     <span class='ocr_line' id='line_1_17' title="bbox 215 2096 1388 2184; baseline 0 -21"><span class='ocrx_word' id='word_1_143' title='bbox 215 2098 390 2166; x_wconf 85' lang='lat' dir='ltr'><strong>fertilitatis</strong></span> <span class='ocrx_word' id='word_1_144' title='bbox 420 2103 533 2182; x_wconf 82' lang='lat' dir='ltr'><strong>genius</strong></span> <span class='ocrx_word' id='word_1_145' title='bbox 567 2102 674 2166; x_wconf 90' lang='lat' dir='ltr'><strong>arbori</strong></span> <span class='ocrx_word' id='word_1_146' title='bbox 704 2102 910 2184; x_wconf 85' lang='lat' dir='ltr'><strong>suspenditur</strong></span> <span class='ocrx_word' id='word_1_147' title='bbox 935 2097 1248 2183; x_wconf 79' lang='lat' dir='ltr'><strong>(Hyg.fab.1su*)</strong></span> <span class='ocrx_word' id='word_1_148' title='bbox 1273 2121 1304 2182; x_wconf 88' lang='lat' dir='ltr'><strong>p.</strong></span> <span class='ocrx_word' id='word_1_149' title='bbox 1323 2096 1388 2180; x_wconf 86' lang='grc'>61),</span> 
     </span>
     <span class='ocr_line' id='line_1_18' title="bbox 214 2207 1388 2290; baseline -0.004 -19"><span class='ocrx_word' id='word_1_150' title='bbox 214 2209 269 2290; x_wconf 92' lang='lat' dir='ltr'><strong>qui</strong></span> <span class='ocrx_word' id='word_1_151' title='bbox 293 2209 325 2272; x_wconf 91' lang='lat' dir='ltr'><strong>in</strong></span> <span class='ocrx_word' id='word_1_152' title='bbox 350 2207 448 2275; x_wconf 82' lang='lat' dir='ltr'><strong>Creta</strong></span> <span class='ocrx_word' id='word_1_153' title='bbox 471 2211 617 2290; x_wconf 85' lang='lat' dir='ltr'><strong>sepultus</strong></span> <span class='ocrx_word' id='word_1_154' title='bbox 642 2209 745 2274; x_wconf 90' lang='lat' dir='ltr'><strong>fertur</strong></span> <span class='ocrx_word' id='word_1_155' title='bbox 768 2207 863 2290; x_wconf 86' lang='lat' dir='ltr'><strong>(Call.</strong></span> <span class='ocrx_word' id='word_1_156' title='bbox 881 2208 949 2273; x_wconf 94' lang='lat' dir='ltr'><strong>h.i.</strong></span> <span class='ocrx_word' id='word_1_157' title='bbox 968 2208 1141 2288; x_wconf 73' lang='lat' dir='ltr'><strong>desinit,</strong></span> <span class='ocrx_word' id='word_1_158' title='bbox 1161 2209 1294 2273; x_wconf 88' lang='lat' dir='ltr'><strong>Anthol.</strong></span> <span class='ocrx_word' id='word_1_159' title='bbox 1313 2208 1388 2287; x_wconf 91' lang='lat' dir='ltr'><strong>epit.</strong></span> 
     </span>
     <span class='ocr_line' id='line_1_19' title="bbox 216 2314 1391 2398; baseline 0.002 -20"><span class='ocrx_word' id='word_1_160' title='bbox 216 2315 284 2379; x_wconf 89' lang='lat' dir='ltr'><strong>VII</strong></span> <span class='ocrx_word' id='word_1_161' title='bbox 303 2314 391 2393; x_wconf 80' lang='grc'>146),</span> <span class='ocrx_word' id='word_1_162' title='bbox 416 2316 470 2398; x_wconf 92' lang='lat' dir='ltr'><strong>qui</strong></span> <span class='ocrx_word' id='word_1_163' title='bbox 494 2317 527 2380; x_wconf 94' lang='lat' dir='ltr'><strong>in</strong></span> <span class='ocrx_word' id='word_1_164' title='bbox 551 2317 668 2398; x_wconf 86' lang='lat' dir='ltr'><strong>hymno</strong></span> <span class='ocrx_word' id='word_1_165' title='bbox 693 2335 729 2382; x_wconf 91' lang='lat' dir='ltr'><strong>eo</strong></span> <span class='ocrx_word' id='word_1_166' title='bbox 754 2317 808 2398; x_wconf 87' lang='lat' dir='ltr'><strong>qui</strong></span> <span class='ocrx_word' id='word_1_167' title='bbox 832 2334 934 2398; x_wconf 87' lang='lat' dir='ltr'><strong>nuper</strong></span> <span class='ocrx_word' id='word_1_168' title='bbox 965 2317 999 2382; x_wconf 93' lang='lat' dir='ltr'><strong>in</strong></span> <span class='ocrx_word' id='word_1_169' title='bbox 1032 2314 1130 2382; x_wconf 83' lang='lat' dir='ltr'><strong>Creta</strong></span> <span class='ocrx_word' id='word_1_170' title='bbox 1164 2316 1313 2380; x_wconf 86' lang='lat' dir='ltr'><strong>inventus</strong></span> <span class='ocrx_word' id='word_1_171' title='bbox 1342 2321 1391 2380; x_wconf 89' lang='lat' dir='ltr'><strong>est</strong></span> 
     </span>
     <span class='ocr_line' id='line_1_20' title="bbox 214 2421 1390 2504; baseline -0.002 -18"><span class='ocrx_word' id='word_1_172' title='bbox 214 2421 395 2487; x_wconf 87' lang='lat' dir='ltr'><strong>celebratur</strong></span> <span class='ocrx_word' id='word_1_173' title='bbox 428 2427 465 2488; x_wconf 90' lang='lat' dir='ltr'><strong>ut</strong></span> <span class='ocrx_word' id='word_1_174' title='bbox 498 2422 676 2488; x_wconf 86' lang='lat' dir='ltr'><strong>fertilitatis</strong></span> <span class='ocrx_word' id='word_1_175' title='bbox 707 2427 739 2488; x_wconf 90' lang='lat' dir='ltr'><strong>et</strong></span> <span class='ocrx_word' id='word_1_176' title='bbox 769 2442 915 2504; x_wconf 79' lang='lat' dir='ltr'><strong>agrorum</strong></span> <span class='ocrx_word' id='word_1_177' title='bbox 941 2429 973 2488; x_wconf 91' lang='lat' dir='ltr'><strong>et</strong></span> <span class='ocrx_word' id='word_1_178' title='bbox 998 2441 1129 2504; x_wconf 77' lang='lat' dir='ltr'><strong>gregum</strong></span> <span class='ocrx_word' id='word_1_179' title='bbox 1154 2425 1274 2503; x_wconf 79' lang='lat' dir='ltr'><strong>auctor,</strong></span> <span class='ocrx_word' id='word_1_180' title='bbox 1299 2422 1390 2487; x_wconf 91' lang='lat' dir='ltr'><strong>cuius</strong></span> 
     </span>
    </p>
   </div>
   <div class='ocr_carea' id='block_1_3' title="bbox 214 2519 1393 3042">
    <p class='ocr_par' dir='ltr' id='par_1_3' title="bbox 214 2519 1393 3042">
     <span class='ocr_line' id='line_1_21' title="bbox 214 2519 1390 2612; baseline 0.001 -19"><span class='ocrx_word' id='word_1_181' title='bbox 214 2531 363 2595; x_wconf 86' lang='lat' dir='ltr'><strong>carminis</strong></span> <span class='ocrx_word' id='word_1_182' title='bbox 387 2535 514 2596; x_wconf 87' lang='lat' dir='ltr'><strong>textum</strong></span> <span class='ocrx_word' id='word_1_183' title='bbox 539 2531 615 2596; x_wconf 89' lang='lat' dir='ltr'><strong>mihi</strong></span> <span class='ocrx_word' id='word_1_184' title='bbox 639 2519 797 2612; x_wconf 75' lang='lat' dir='ltr'><strong>inspicere</strong></span> <span class='ocrx_word' id='word_1_185' title='bbox 814 2532 953 2596; x_wconf 91' lang='lat' dir='ltr'><strong>nondum</strong></span> <span class='ocrx_word' id='word_1_186' title='bbox 979 2530 1107 2596; x_wconf 85' lang='lat' dir='ltr'><strong>licuisse</strong></span> <span class='ocrx_word' id='word_1_187' title='bbox 1132 2530 1222 2596; x_wconf 89' lang='lat' dir='ltr'><strong>doleo</strong></span> <span class='ocrx_word' id='word_1_188' title='bbox 1246 2529 1390 2610; x_wconf 82' lang='grc' dir='ltr'>(01.Αο-</span> 
     </span>
     <span class='ocr_line' id='line_1_22' title="bbox 215 2636 1391 2718; baseline 0 -18"><span class='ocrx_word' id='word_1_189' title='bbox 215 2637 290 2702; x_wconf 91' lang='lat' dir='ltr'><strong>nual</strong></span> <span class='ocrx_word' id='word_1_190' title='bbox 318 2637 355 2703; x_wconf 90' lang='lat' dir='ltr'><strong>of</strong></span> <span class='ocrx_word' id='word_1_191' title='bbox 376 2637 500 2703; x_wconf 88' lang='lat' dir='ltr'><strong>British</strong></span> <span class='ocrx_word' id='word_1_192' title='bbox 524 2637 640 2704; x_wconf 82' lang='lat' dir='ltr'><strong>School</strong></span> <span class='ocrx_word' id='word_1_193' title='bbox 665 2643 699 2704; x_wconf 92' lang='lat' dir='ltr'><strong>at</strong></span> <span class='ocrx_word' id='word_1_194' title='bbox 723 2636 848 2704; x_wconf 90' lang='lat' dir='ltr'><strong>Athens</strong></span> <span class='ocrx_word' id='word_1_195' title='bbox 873 2639 909 2702; x_wconf 93' lang='lat' dir='ltr'>X</span> <span class='ocrx_word' id='word_1_196' title='bbox 926 2656 955 2718; x_wconf 91' lang='lat' dir='ltr'><strong>p.</strong></span> <span class='ocrx_word' id='word_1_197' title='bbox 975 2643 1038 2703; x_wconf 84' lang='lat'><strong>246</strong></span> <span class='ocrx_word' id='word_1_198' title='bbox 1072 2637 1151 2702; x_wconf 74' lang='lat' dir='ltr'><strong>‘The</strong></span> <span class='ocrx_word' id='word_1_199' title='bbox 1184 2637 1271 2702; x_wconf 90' lang='lat' dir='ltr'><strong>third</strong></span> <span class='ocrx_word' id='word_1_200' title='bbox 1299 2655 1391 2701; x_wconf 88' lang='lat' dir='ltr'><strong>verse</strong></span> 
     </span>
     <span class='ocr_line' id='line_1_23' title="bbox 215 2743 1391 2826; baseline 0.003 -20"><span class='ocrx_word' id='word_1_201' title='bbox 215 2743 242 2806; x_wconf 83' lang='lat' dir='ltr'><strong>is</strong></span> <span class='ocrx_word' id='word_1_202' title='bbox 267 2745 341 2822; x_wconf 85' lang='lat' dir='ltr'><strong>lost;</strong></span> <span class='ocrx_word' id='word_1_203' title='bbox 369 2746 422 2809; x_wconf 87' lang='lat' dir='ltr'><strong>the</strong></span> <span class='ocrx_word' id='word_1_204' title='bbox 447 2745 556 2810; x_wconf 89' lang='lat' dir='ltr'><strong>fourth</strong></span> <span class='ocrx_word' id='word_1_205' title='bbox 580 2746 681 2811; x_wconf 92' lang='lat' dir='ltr'><strong>ended</strong></span> <span class='ocrx_word' id='word_1_206' title='bbox 706 2747 786 2810; x_wconf 91' lang='lat' dir='ltr'><strong>with</strong></span> <span class='ocrx_word' id='word_1_207' title='bbox 809 2746 864 2810; x_wconf 92' lang='lat' dir='ltr'><strong>the</strong></span> <span class='ocrx_word' id='word_1_208' title='bbox 893 2746 1000 2810; x_wconf 87' lang='lat' dir='ltr'><strong>words</strong></span> <span class='ocrx_word' id='word_1_209' title='bbox 1024 2743 1246 2826; x_wconf 83' lang='lat' dir='ltr'><strong>“pesce-lover</strong></span> <span class='ocrx_word' id='word_1_210' title='bbox 1266 2743 1303 2810; x_wconf 88' lang='lat' dir='ltr'><strong>of</strong></span> <span class='ocrx_word' id='word_1_211' title='bbox 1320 2763 1391 2826; x_wconf 88' lang='lat' dir='ltr'><strong>pro·</strong></span> 
     </span>
     <span class='ocr_line' id='line_1_24' title="bbox 215 2850 1393 2936; baseline 0.001 -22"><span class='ocrx_word' id='word_1_212' title='bbox 215 2851 369 2934; x_wconf 86' lang='lat' dir='ltr'><strong>sperity”.</strong></span> <span class='ocrx_word' id='word_1_213' title='bbox 417 2854 456 2918; x_wconf 90' lang='lat' dir='ltr'><strong>In</strong></span> <span class='ocrx_word' id='word_1_214' title='bbox 481 2854 536 2917; x_wconf 91' lang='lat' dir='ltr'><strong>the</strong></span> <span class='ocrx_word' id='word_1_215' title='bbox 572 2853 645 2918; x_wconf 84' lang='lat' dir='ltr'><strong>fifth</strong></span> <span class='ocrx_word' id='word_1_216' title='bbox 669 2855 724 2919; x_wconf 91' lang='lat' dir='ltr'><strong>the</strong></span> <span class='ocrx_word' id='word_1_217' title='bbox 757 2855 820 2936; x_wconf 83' lang='lat' dir='ltr'><strong>god</strong></span> <span class='ocrx_word' id='word_1_218' title='bbox 850 2854 877 2918; x_wconf 87' lang='lat' dir='ltr'><strong>is</strong></span> <span class='ocrx_word' id='word_1_219' title='bbox 912 2854 1053 2918; x_wconf 88' lang='lat' dir='ltr'><strong>iuvoked</strong></span> <span class='ocrx_word' id='word_1_220' title='bbox 1083 2872 1119 2916; x_wconf 87' lang='lat' dir='ltr'><strong>as</strong></span> <span class='ocrx_word' id='word_1_221' title='bbox 1143 2854 1196 2918; x_wconf 87' lang='lat' dir='ltr'><strong>the</strong></span> <span class='ocrx_word' id='word_1_222' title='bbox 1222 2870 1333 2918; x_wconf 85' lang='lat' dir='ltr'><strong>source</strong></span> <span class='ocrx_word' id='word_1_223' title='bbox 1357 2850 1393 2916; x_wconf 88' lang='lat' dir='ltr'><strong>cf</strong></span> 
     </span>
     <span class='ocr_line' id='line_1_25' title="bbox 215 2957 784 3042; baseline 0.009 -21"><span class='ocrx_word' id='word_1_224' title='bbox 215 2957 352 3040; x_wconf 87' lang='lat' dir='ltr'><strong>fertility</strong></span> <span class='ocrx_word' id='word_1_225' title='bbox 376 2957 426 3024; x_wconf 92' lang='lat' dir='ltr'><strong>for</strong></span> <span class='ocrx_word' id='word_1_226' title='bbox 449 2960 549 3027; x_wconf 86' lang='lat' dir='ltr'><strong>flocks</strong></span> <span class='ocrx_word' id='word_1_227' title='bbox 574 2962 634 3026; x_wconf 92' lang='lat' dir='ltr'><strong>and</strong></span> <span class='ocrx_word' id='word_1_228' title='bbox 660 2960 784 3042; x_wconf 85' lang='lat' dir='ltr'><strong>fields&#39;).</strong></span> 
     </span>
    </p>
   </div>
   <div class='ocr_carea' id='block_1_4' title="bbox 214 3099 1390 3268">
    <p class='ocr_par' dir='ltr' id='par_1_4' title="bbox 214 3099 1390 3268">
     <span class='ocr_line' id='line_1_26' title="bbox 322 3099 1390 3170; baseline 0 -16"><span class='ocrx_word' id='word_1_229' title='bbox 322 3099 348 3164; x_wconf 77' lang='lat' dir='ltr'><strong>*l</strong></span> <span class='ocrx_word' id='word_1_230' title='bbox 368 3099 522 3155; x_wconf 77' lang='lat' dir='ltr'><strong>‘Amalthea</strong></span> <span class='ocrx_word' id='word_1_231' title='bbox 546 3103 621 3169; x_wconf 88' lang='lat' dir='ltr'><strong>pueri</strong></span> <span class='ocrx_word' id='word_1_232' title='bbox 649 3103 741 3156; x_wconf 83' lang='lat' dir='ltr'><strong>nutrix</strong></span> <span class='ocrx_word' id='word_1_233' title='bbox 769 3119 828 3156; x_wconf 93' lang='lat' dir='ltr'><strong>eum</strong></span> <span class='ocrx_word' id='word_1_234' title='bbox 857 3103 885 3156; x_wconf 94' lang='lat' dir='ltr'><strong>in</strong></span> <span class='ocrx_word' id='word_1_235' title='bbox 914 3104 989 3156; x_wconf 86' lang='lat' dir='ltr'><strong>cunis</strong></span> <span class='ocrx_word' id='word_1_236' title='bbox 1018 3103 1045 3156; x_wconf 92' lang='lat' dir='ltr'><strong>iu</strong></span> <span class='ocrx_word' id='word_1_237' title='bbox 1073 3101 1166 3156; x_wconf 76' lang='lat' dir='ltr'><strong>arbore</strong></span> <span class='ocrx_word' id='word_1_238' title='bbox 1192 3102 1339 3170; x_wconf 76' lang='lat' dir='ltr'><strong>suspendit,</strong></span> <span class='ocrx_word' id='word_1_239' title='bbox 1359 3105 1390 3154; x_wconf 88' lang='lat' dir='ltr'><strong>ut</strong></span> 
     </span>
     <span class='ocr_line' id='line_1_27' title="bbox 214 3190 978 3268; baseline 0.005 -27"><span class='ocrx_word' id='word_1_240' title='bbox 214 3204 301 3268; x_wconf 72' lang='lat' dir='ltr'><strong>neque</strong></span> <span class='ocrx_word' id='word_1_241' title='bbox 319 3190 391 3244; x_wconf 88' lang='lat' dir='ltr'><strong>coelo</strong></span> <span class='ocrx_word' id='word_1_242' title='bbox 410 3207 497 3258; x_wconf 89' lang='lat' dir='ltr'><strong>neque</strong></span> <span class='ocrx_word' id='word_1_243' title='bbox 515 3196 588 3244; x_wconf 86' lang='lat' dir='ltr'><strong>terra</strong></span> <span class='ocrx_word' id='word_1_244' title='bbox 606 3207 692 3259; x_wconf 85' lang='lat' dir='ltr'><strong>neque</strong></span> <span class='ocrx_word' id='word_1_245' title='bbox 711 3193 777 3246; x_wconf 83' lang='lat' dir='ltr'><strong>mari</strong></span> <span class='ocrx_word' id='word_1_246' title='bbox 795 3191 978 3246; x_wconf 85' lang='lat' dir='ltr'><strong>inveniretur&#39;.</strong></span> 
     </span>
    </p>
   </div>
   <div class='ocr_carea' id='block_1_5' title="bbox 0 0 1702 5134">
    <p class='ocr_par' dir='ltr' id='par_1_5' title="bbox 0 0 1702 5134">
     <span class='ocr_line' id='line_1_28' title="bbox 0 0 1702 5134; baseline 0 0"><span class='ocrx_word' id='word_1_247' title='bbox 0 0 1702 5134; x_wconf 95' lang='lat' dir='ltr'><strong> </strong></span> 
     </span>
    </p>
   </div>
  </div>
 </body>
</html>
