3384 5134
924 377 943 434 g
1005 409 1028 417 ..

345 547 479 631 λαβοῦσα
515 549 562 609 καὶ.
595 549 715 610 πόπανον
738 546 876 634 λιμοηχὲς
899 550 942 631 (v.
962 550 1194 630 Wilamowitzl
1218 549 1308 621 οὕτως
1330 553 1422 636 ἠχεῖν,
1447 549 1522 614 ὥστε

345 663 453 726 πάντας
477 655 654 742 ἐπιστρέφειν
678 654 718 726 εἰς
743 655 833 740 αὐτὴν
857 655 922 726 τοὺς
945 657 1041 726 θεοὺς.
1101 663 1254 742 Apparet
1293 662 1392 741 igitur
1423 664 1462 727 de
1484 663 1522 726 iis

346 785 428 850 quae
453 768 616 832 Adrastea
639 767 745 832 sonitu
769 766 824 832 illo
841 765 968 832 efficere
985 768 1083 833 vellet
1107 769 1169 832 iam
1193 770 1225 832 in
1243 770 1390 850 exemplo
1417 774 1521 835 actum

345 891 425 954 esse,
450 879 585 955 apparet
608 873 695 954 item,
713 878 784 939 uter
801 875 967 956 exemplar
991 876 1120 957 propius
1140 881 1269 940 secutus
1294 876 1352 940 sit:
1377 878 1521 943 Procius.

346 982 452 1064 Atqui
476 983 648 1046 secundum
673 1000 742 1046 eam
767 1001 849 1064 quae
874 983 957 1046 tradi
981 983 1063 1047 solet
1086 984 1269 1048 memoriam
1288 989 1461 1065 expectare
1484 985 1523 1049 li·

345 1093 396 1155 cet
420 1089 526 1153 sonitu
550 1089 583 1153 id
607 1089 661 1170 agi
684 1091 740 1154 aut
765 1092 800 1152 ut
822 1087 930 1154 infans
948 1090 1124 1155 delectetur
1140 1095 1196 1155 ant
1213 1093 1248 1156 ut
1265 1090 1398 1156 infantis
1416 1091 1522 1156 fletum

345 1195 507 1262 Saturnus
543 1215 614 1262 cnm
654 1215 717 1262 non
748 1196 870 1276 audiat,
897 1217 1028 1263 securus
1052 1197 1118 1262 fiat.
1165 1199 1238 1262 Hoc
1262 1199 1330 1264 loco
1354 1219 1404 1264 res
1428 1200 1523 1280 plane

348 1304 486 1368 adversa
509 1303 641 1368 accidit:
667 1305 798 1368 deorum
822 1304 904 1368 enim
921 1305 1016 1369 animi
1041 1304 1179 1372 Saturno
1204 1325 1266 1370 non
1290 1311 1426 1386 exemto
1452 1324 1521 1372 curn

345 1414 459 1476 πάντας
480 1404 546 1476 τοὺς
569 1407 658 1479 θεοὺς
681 1411 815 1476 Procius
839 1410 935 1492 dicat,
959 1412 991 1476 in
1016 1431 1087 1476 eum
1112 1411 1215 1493 ipsum
1231 1413 1334 1478 locum
1351 1414 1523 1478 advertun-

345 1523 408 1595 tur,
433 1515 487 1582 ubi
510 1515 617 1582 infans
641 1521 699 1582 est.
759 1517 853 1603 Quod
888 1537 984 1584 sensu
1014 1525 1148 1599 careret,
1184 1520 1211 1583 si
1237 1524 1338 1584 metus
1363 1527 1455 1599 esset,
1482 1539 1522 1584 ne

347 1627 422 1709 quid
447 1625 605 1690 Saturnus
634 1625 743 1691 infesti
772 1629 884 1692 contra
911 1625 1068 1691 infantem
1092 1627 1266 1706 moliretur,
1297 1647 1335 1694 ac
1359 1647 1433 1709 spes
1459 1647 1520 1692 non

345 1737 430 1798 esset
454 1751 603 1814 magnum
627 1736 713 1798 certe
737 1733 864 1797 deorum
891 1753 1052 1798 numerum
1077 1754 1148 1800 curn
1165 1734 1250 1799 dove
1274 1745 1385 1799 contra
1409 1736 1520 1801 Satur·

345 1859 419 1904 num
437 1838 597 1904 facturum
615 1858 693 1904 esse.
740 1839 946 1921 Expectatur
963 1841 1091 1906 deorum
1112 1841 1230 1906 bellum
1247 1845 1434 1906 exorturum
1451 1861 1520 1906 esse

346 1948 410 2012 tale
434 1948 528 2030 quale
550 1948 582 2012 in
607 1947 726 2013 Aesch.
752 1949 857 2012 Prom.
884 1967 930 2012 rs.
959 1955 1020 2012 199
1045 1968 1118 2032 sqq.
1144 1953 1421 2014 commemoratur:

506 2069 567 2132 ἐπεὶ
589 2068 703 2156 τάχιστ’
729 2059 856 2155 ἤρξαντο
880 2069 1012 2154 δαίμονες
1035 2073 1123 2157 χόλου

507 2184 610 2246 στάσις
632 2180 657 2238 τ’
685 2176 714 2238 ἐν
740 2176 913 2261 ἀλλήλοισιν
938 2177 1107 2263 ὠροθύνετο,

505 2286 530 2346 οἱ
554 2283 606 2368 μὲν
630 2284 769 2353 θέλοντες
793 2284 927 2368 ἐκβαλεῖν
952 2283 1042 2371 ἕδρας
1065 2285 1184 2372 Κρόνον,

507 2390 548 2460 ὡς
572 2390 644 2461 Ζεὺς
669 2394 789 2454 ἀνάσσοι
812 2392 912 2476 λῆθεν,
937 2393 962 2455 οἱ
984 2391 1015 2454 δὲ
1038 2393 1195 2478 τοῦμπαλιν

507 2499 685 2575 σπεύδοντες,
711 2498 752 2569 ὡς
776 2498 848 2569 Ζεὺς
872 2503 974 2584 μήποτ’
1001 2490 1115 2585 όρΕειεν
1139 2502 1216 2564 θεῶν
1240 2525 1265 2565 κ.
1291 2524 1317 2565 τ.
1342 2503 1372 2569 λ.

348 2630 441 2714 Quod
467 2629 508 2694 ab
532 2628 774 2711 insequentibus
799 2628 989 2708 fragmentis
1014 2627 1114 2710 (lla,
1135 2638 1207 2695 115.
1226 2627 1338 2711 Abel),
1364 2630 1418 2696 ubi
1440 2633 1523 2710 Jup-

345 2738 427 2818 piter
452 2737 538 2801 solus
563 2738 730 2801 admodum
755 2736 888 2801 ridicule
904 2734 1077 2801 Saturnum
1102 2757 1199 2818 regno
1223 2737 1323 2818 pellit,
1349 2739 1444 2817 plane
1471 2737 1524 2802 ab·

344 2845 474 2909 horrere
490 2844 645 2908 neminem
663 2843 755 2922 fugit.
804 2843 901 2908 Dicat
919 2842 1036 2924 aliquis
1053 2843 1156 2907 dirimi
1173 2847 1313 2908 tenorem
1331 2841 1524 2923 fragmentis

348 2959 432 3031 114„
460 2958 549 3030 115.;
586 2953 620 3015 at
656 2970 717 3015 non
752 2950 833 3014 haec
867 2951 922 3014 sed
958 2948 1014 3013 frr.
1044 2957 1214 3014 109-111
1252 2949 1432 3015 recentiora
1455 2971 1525 3016 esse

345 3060 441 3124 etiam
472 3059 618 3139 pluribus
648 3058 843 3136 argumentis
877 3053 1112 3135 comprobatur.
1161 3056 1327 3140 Quotquot
1358 3057 1439 3121 enim
1465 3059 1524 3122 loci

345 3171 478 3232 exstant
501 3167 533 3230 in
551 3165 749 3231 Graecorum
773 3165 872 3246 poesi,
898 3161 1013 3244 quibus
1031 3159 1102 3241 Δίκη
1120 3181 1193 3227 cum
1209 3164 1294 3229 Jove
1311 3164 1523 3243 coniungitur,

345 3275 525 3356 dependent
550 3273 591 3337 ab
614 3273 693 3337 Hes.
720 3291 770 3352 op.
789 3277 852 3335 ala
878 3287 949 3351 sqq.
998 3268 1070 3353 Quo
1094 3271 1165 3336 loeo
1184 3271 1276 3336 liuius
1293 3289 1419 3353 qnoque
1435 3271 1522 3335 theo·

344 3383 459 3464 goniae
488 3384 650 3446 auctorem
683 3398 773 3444 usum
803 3397 873 3442 csse
901 3376 1126 3458 comprobatur
1155 3379 1194 3442 iis
1228 3397 1310 3459 quae
1334 3378 1467 3442 Proclus
1491 3378 1523 3442 in

346 3491 430 3554 Plat.
458 3487 565 3553 Alcib.
591 3487 645 3552 ΠΙ
669 3507 699 3568 p.
727 3492 767 3549 70
793 3485 941 3550 adnotat:
973 3481 1026 3567 πρό
1057 3487 1106 3543 τοῦ
1129 3485 1236 3564 κόσμου
1260 3483 1329 3565 Δίκη
1355 3489 1525 3546 συνάπτεται

344 3599 388 3676 τῴ
413 3593 467 3654 Διί·
479 3590 619 3677 πάρεδρος
635 3592 688 3676 γάρ
704 3590 718 3650 ό
735 3585 833 3672 Νόμος
855 3596 903 3649 τοῦ
929 3589 1002 3662 Διός,
1019 3585 1060 3658 ὥς
1076 3610 1161 3674 φησιν
1187 3586 1323 3675 Ὀρφεύς,
1372 3592 1426 3656 Ad
1443 3592 1524 3656 idem

345 3704 492 3768 alludunt
527 3719 609 3783 quae
642 3701 776 3781 legimus
811 3699 845 3764 in
881 3699 1014 3764 Hermia
1049 3700 1088 3764 ad
1117 3701 1203 3764 Plat.
1237 3700 1375 3764 Plraedr.
1400 3719 1431 3780 p.
1463 3706 1523 3764 148

347 3819 398 3890 62,
418 3819 435 3874 9
462 3809 596 3876 Couvr.:
633 3805 679 3867 καὶ
701 3827 720 3888 η
746 3803 798 3887 μὲν
823 3804 880 3866 ἐκεῖ
905 3805 973 3887 Δίκη
1004 3804 1132 3888 θυγάτηρ
1156 3805 1280 3886 λέγεται
1295 3809 1343 3866 τοῦ
1360 3800 1457 3887 Νόμου
1475 3809 1524 3865 τοῦ

346 3915 403 3976 ἐκεῖ
426 3938 473 3976 και
496 3913 666 3997 Εὐσεβείατ.
714 3917 764 3980 At
786 3916 819 3980 in
844 3913 1057 3996 Orphicorum
1082 3915 1254 3996 theogonia
1276 3933 1339 3980 non
1365 3915 1428 3978 iam
1455 3912 1523 3993 Δίκη

348 4029 396 4090 est
420 4020 565 4106 πάρεδρος
589 4023 684 4089 Joris
709 4023 853 4087 velutin
878 4023 957 4086 Hes.
975 4038 1025 4100 op.
1044 4041 1090 4086 vs.
1110 4027 1173 4086 259
1199 4025 1253 4086 aut
1278 4022 1309 4086 in
1327 4021 1425 4103 Soph.
1443 4019 1524 4087 Oed.

349 4132 416 4199 Col.
445 4139 529 4196 1382
555 4129 624 4211 Δίκη
651 4116 785 4213 ξόνεδρυς
809 4127 901 4210 Ζηνός
918 4127 1046 4213 ἀρχαίοις
1061 4130 1164 4211 νόμοις,
1190 4131 1245 4196 sed
1270 4125 1366 4210 Νόμου
1390 4147 1526 4211 persona

347 4241 517 4304 interiecta
541 4239 717 4321 Orphicum
752 4239 841 4304 illum
877 4239 1021 4304 consulto
1059 4238 1099 4303 ab
1124 4259 1162 4303 ea
1186 4258 1269 4321 quae
1294 4239 1379 4303 tradi
1402 4237 1526 4302 solebat

347 4349 459 4428 regula
483 4347 666 4420 discessisse
689 4350 825 4421 constat.
866 4345 929 4412 Sed
954 4347 1083 4428 quando
1107 4352 1144 4410 ut
1168 4347 1226 4410 λου
1242 4347 1334 4410 modo
1350 4345 1527 4411 discederet

348 4453 416 4518 fieri
453 4454 579 4536 potuit?
637 4453 788 4521 Omnium
825 4455 945 4535 primus
981 4458 1134 4535 qnantum
1172 4453 1298 4533 quidem
1332 4471 1392 4533 ego
1427 4451 1523 4516 sciam

350 4563 510 4628 Pindarus
534 4557 629 4644 Νόμοι
654 4581 808 4645 personae
833 4563 863 4626 vi
888 4561 1079 4627 instructum
1104 4561 1233 4626 induxit
1256 4557 1311 4642 (fr.
1339 4566 1400 4627 169
1426 4557 1524 4641 agn.)
