3384 5134
775 274 995 340 ..1⁶-

297 452 463 532 seiungere
492 447 638 533 Ἀδράστε
641 469 734 514 rare
735 444 898 530 ιΝέμεσιν
909 445 958 530 *):
990 448 1030 514 de
1046 449 1209 532 Phrygiae
1225 447 1366 532 nympha
1382 469 1473 516 nemo

297 561 359 625 iam
384 559 515 639 cogitat,
552 563 583 621 ct
618 559 646 622 si
680 558 948 640 interrogavisses
984 577 1038 623 eos
1070 576 1209 640 quanam
1242 577 1278 620 re
1310 557 1476 623 differrent

296 667 440 732 Nemesis
464 669 497 731 et
513 668 686 746 Adrastea,
704 665 915 732 obticuissent
933 666 1054 748 opinor.
1102 667 1195 732 Haec
1218 670 1324 730 autem
1348 666 1475 748 poetica

296 771 456 840 Adrastea
479 774 630 840 aStoieis
653 777 785 854 recepta
808 765 941 840 evanuit
963 775 997 839 in
1020 774 1109 838 illam
1125 773 1374 839 abstractionem
1392 792 1474 856 quae

297 882 581 964 aNeoplatonicis
605 901 761 947 summum
785 901 901 947 numen
926 881 1015 947 facta
1039 885 1099 947 est.
1400 965 1404 972 ,

405 989 470 1057 Sed
493 1008 533 1056 ιιι
557 989 696 1070 genuina
719 988 846 1072 quidem
874 991 1036 1054 Adrastea
1059 993 1116 1054 aut
1101 988 1265 1055 tlormam
1290 993 1347 1054 aut
1333 989 1474 1055 t·mode

298 1104 379 1163 stam
404 1117 494 1164 suam
518 1098 601 1163 inter
625 1099 703 1162 deas
726 1098 942 1164 condicionem
965 1098 1118 1163 servavit.
1095 1097 1235 1162 tIam
1260 1097 1342 1162 enim
1359 1096 1474 1162 Deme-

297 1206 378 1270 trius
394 1203 546 1288 Scepsius
564 1203 755 1270 Adrasteam
772 1206 904 1270 eandem
923 1206 1052 1270 dicitat
1017 1207 1116 1288 atque
1132 1204 1296 1270 Dianam:
1314 1204 1473 1286 Harpocr.

297 1333 321 1378 s,
348 1332 378 1378 v,
404 1308 591 1394 Ἀδράστεια·
618 1310 781 1394 Δημήτριος
816 1311 829 1370 ὁ
861 1307 990 1394 Σκήψιος
1014 1305 1161 1395 ’Ἄρτεμίν
1196 1331 1282 1395 φησιν
1318 1305 1389 1370 εἶναι.
1422 1308 1475 1392 τὴν

300 1417 501 1502 Ἀδράστειαν.
550 1419 623 1504 Qua
647 1423 753 1484 autem
778 1420 816 1484 de
840 1438 938 1486 causa
962 1420 1092 1500 dixerit,
1122 1439 1185 1485 non
1209 1424 1296 1486 recte
1319 1420 1474 1501 perspicit

298 1526 396 1594 Olaus
409 1526 441 1590 in
456 1545 494 1592 ea
506 1545 588 1606 quae
600 1529 649 1590 est
663 1528 712 1591 ‘de
725 1514 851 1591 Dianae
862 1527 1085 1610 antiquissima
1097 1528 1183 1607 apud
1194 1525 1336 1592 Graecos
1349 1526 1474 1592 natura’

298 1635 531 1714 dissertatione,
545 1652 615 1699 cum
628 1634 791 1699 contendit
805 1637 972 1717 utramque
984 1653 1054 1700 esse
1065 1635 1175 1700 mortis
1188 1635 1288 1700 deam.
1307 1633 1380 1700 Hoc
1391 1635 1476 1698 enim

299 1742 337 1807 de
363 1741 524 1806 Adrastea
547 1743 643 1822 plane
666 1742 846 1821 negandum
873 1759 943 1806 esse
971 1743 1118 1807 vidimus.
1166 1740 1230 1807 Sed
1254 1742 1339 1806 illam
1371 1740 1475 1806 ‘silve-

298 1845 405 1914 strem'
432 1847 622 1913 Adrasteam
652 1849 842 1913 simillimam
869 1847 968 1914 luisse
984 1849 1103 1931 virgini
1131 1848 1296 1923 venatrici,
1322 1868 1416 1930 quam
1442 1848 1474 1912 in

298 1958 462 2022 Adrastea
486 1959 572 2020 terra
595 1957 714 2022 cultam
738 1975 807 2020 esse
831 1974 872 2020 ιιι
888 1955 1047 2022 Strabone
1072 1961 1215 2038 apparet,
1234 1956 1304 2038 quis
1321 1953 1475 2037 negabit?

405 2064 526 2129 Eodem
563 2062 691 2130 vinculo
726 2083 830 2147 neque
862 2065 927 2128 ullo
960 2065 1022 2129 alio
1057 2064 1223 2130 Adrastea
1260 2083 1330 2130 cum
1356 2061 1476 2146 Cybele

298 2170 447 2252 coniungi
465 2175 520 2252 pot
523 2171 577 2246 ιιι,
602 2171 767 2252 potuit-
784 2171 863 2250 dico,
881 2190 953 2236 nam
970 2172 1156 2237 coniunctas
1180 2190 1235 2236 eas
1259 2189 1330 2236 esse
1354 2172 1474 2235 nullum

298 2278 460 2342 invenitur
492 2277 770 2350 testimonium3i
758 2283 868 2359 rtaque
901 2283 1069 2362 utramque
1098 2279 1188 2343 deam
1221 2277 1262 2343 ab
1287 2278 1376 2343 initio
1400 2297 1474 2342 ean·

298 2387 367 2450 dem
404 2384 503 2449 fuisse
541 2420 578 2428 —
610 2385 671 2451 hac
705 2387 906 2451 conclusione
940 2387 1029 2450 nulla
1062 2385 1196 2468 cogitari
1232 2387 1339 2467 potest
1372 2385 1474 2465 magis

299 2492 477 2558 temeraria.
541 2489 575 2556 Si
616 2491 738 2575 aliquid
777 2513 794 2557 e
829 2492 963 2557 traditis
992 2493 1184 2558 testimoniis
1221 2493 1322 2558 conici
1357 2497 1473 2571 potest,

299 2598 436 2665 fortasse
460 2596 621 2664 Adrastea
651 2601 791 2682 nympha
815 2598 904 2666 facta
928 2604 977 2664 est
1002 2619 1065 2664 una
1089 2620 1106 2665 e
1130 2597 1238 2682 μητρὸς
1261 2598 1357 2682 ripales
1381 2601 1475 2666 comi-

298 2706 409 2774 tibus:
428 2709 513 2790 quod
536 2710 711 2788 auguratur
734 2707 807 2791 quis
827 2727 869 2773 ex
892 2707 979 2773 illius
1002 2708 1193 2773 Phoronidis
1219 2707 1389 2788 fragmenti
1414 2726 1476 2772 uon

296 2821 361 2880 tam
385 2813 462 2899 ὀρειη
488 2834 575 2894 voce,
600 2817 685 2898 quod
708 2834 863 2898 persaepe
896 2817 935 2881 de
959 2817 1107 2900 nymphis
1130 2822 1313 2898 usurpatur,
1339 2834 1434 2898 quam
1459 2836 1476 2880 ι

297 2923 506 3004 Dactylorum
541 2924 846 2996 commemoratione,
884 2926 940 2988 aut
977 2943 1018 2988 ex
1047 2923 1202 3004 Aeschyli
1226 2925 1310 3005 quod
1345 2923 1476 2988 laudavi

296 3029 391 3096 Niob.
417 3029 605 3112 fragmento,
642 3030 697 3095 ubi
731 3031 803 3113 ipsa
838 3049 964 3113 quoque
1000 3027 1167 3112 Βερέκυνθα
1200 3024 1294 3112 χῶρον
1331 3028 1477 3094 habitare

297 3138 428 3212 dicitur;
474 3155 538 3220 qua
579 3139 612 3202 iu
655 3138 785 3217 regione
828 3136 966 3219 Cybeles
1010 3139 1132 3202 cultum
1173 3136 1316 3201 floruisse
1349 3141 1477 3202 constat

297 3249 352 3309 aut
391 3263 408 3308 e
448 3245 537 3309 cultu
581 3243 741 3328 Cyziceno
764 3239 811 3324 **)
852 3245 907 3325 qui
939 3263 958 3310 a
989 3241 1149 3310 Strabone
1180 3245 1200 3308 l.
1230 3263 1257 3310 c.
1290 3262 1476 3310 commemo-

403 3384 428 3444 *l
450 3385 540 3439 Miller
560 3384 624 3438 Me'l.
645 3386 712 3440 382:
733 3379 888 3452 Αὸριὶστεια
908 3381 984 3453 ἑτέρα
1003 3385 1048 3448 τῆς
1067 3385 1202 3448 Νεμέσεως
1215 3378 1369 3450 Μένανδρος
1381 3380 1475 3454 Μέθῃ·

293 3468 457 3546 'Adquiesce
477 3473 524 3523 καί
539 3472 593 3523 θεὰ
613 3472 754 3542 σκυθρωπὲ
773 3469 883 3540 Νέμεσι,
904 3471 1106 3542 συγγιγνιιῖσκετε.

403 3561 444 3626 **l
464 3564 612 3619 Adrasteae
631 3566 721 3619 cultus
741 3567 871 3632 quomodo
891 3568 1056 3634 propagatus
1069 3565 1106 3618 sit
1120 3563 1301 3632 Cyzicumque
1314 3564 1476 3631 pervenerit,

296 3654 455 3721 Marquardt
473 3671 567 3721 parum
586 3655 750 3709 credibiliter
769 3655 942 3721 interpretari
961 3655 1026 3708 mihi
1045 3655 1161 3720 videtur,
1181 3671 1241 3707 cum
1267 3654 1333 3706 dicit
1352 3651 1477 3720 (Cyzicus
1565 3705 1570 3715 ,

297 3761 322 3797 u.
342 3745 399 3797 sein
418 3743 542 3809 Gebiet):
566 3742 680 3810 „Spiiter
698 3746 791 3798 wurde
812 3743 945 3797 Adrastea
965 3746 993 3798 in
1011 3746 1063 3797 den
1082 3743 1272 3812 Mythenkreis
1292 3760 1343 3796 von
1364 3741 1477 3809 Cyzicus

297 3849 426 3902 gezogen.
464 3833 502 3886 Es
521 3833 606 3887 heisst
631 3833 755 3900 nlimlich,
781 3836 841 3887 dass
864 3835 906 3888 die
926 3835 1117 3888 Wdrteriunen
1138 3836 1184 3886 des
1203 3833 1283 3898 Zeus,
1304 3832 1404 3886 Helike
1424 3835 1478 3886 und

298 3923 450 3990 Kyuosura,
464 3923 551 3977 welch
569 3923 684 3977 letztere
703 3924 770 3977 nach
783 3925 843 3978 dem
857 3921 945 3978 Schol.
960 3926 1006 3977 des
1020 3923 1101 3977 Rhes.
1116 3924 1163 3977 der
1175 3921 1310 3976 Adrastea
1324 3921 1478 3976 Schwester

297 4013 341 4076 ist,
360 4012 443 4074 nicht,
465 4013 515 4067 wie
536 4013 605 4066 Aret
624 4013 765 4080 berichtet‚
783 4015 810 4067 in
830 4013 926 4080 Krete,
946 4015 1060 4066 sondern
1085 4029 1118 4066 zu
1142 4010 1262 4080 Gynikus
1288 4012 1316 4064 in
1341 4012 1479 4066 Blirinnen

297 4103 463 4156 verwandelt
480 4102 563 4168 scien,
582 4103 636 4154 und
655 4119 707 4156 von
726 4103 806 4156 ihnen
826 4105 872 4156 das
885 4099 1013 4168 ’Ἄρκτων
1029 4098 1091 4169 ι’ρος
1117 4104 1169 4156 den
1191 4101 1297 4156 Namen
1323 4101 1479 4155 bokommen

297 4191 364 4244 habe
382 4191 473 4255 (schol.
494 4190 546 4259 Ap.
567 4191 619 4246 Rh.
641 4190 734 4257 1936,
754 4189 844 4260 941)“;
874 4192 919 4246 scd
945 4192 1105 4259 aetiologica
1132 4194 1245 4258 quadam
1271 4191 1478 4258 narratiuncula,

297 4297 365 4348 quaa
392 4298 423 4334 eo
442 4282 487 4334 ubi
506 4285 599 4350 postea
617 4281 705 4336 haesit
724 4282 781 4336 sine
799 4283 854 4335 ullo
874 4283 931 4335 iure
950 4283 1042 4336 delata
1061 4283 1112 4349 est,
1126 4281 1175 4335 hoc
1189 4281 1291 4336 iactum
1311 4297 1378 4346 esse,
1402 4284 1433 4334 ut
1454 4281 1479 4333 ei

297 4373 369 4439 deae,
388 4372 517 4439 adquam
536 4371 583 4424 illa
601 4371 801 4426 narratiuncula
819 4373 851 4425 de
870 4363 990 4424 ursarum
1010 4371 1159 4426 mutatione
1178 4371 1285 4424 minime
1304 4370 1477 4438 pertinebat,

297 4463 342 4514 sed
362 4477 430 4528 quae
455 4477 508 4515 uno
533 4463 639 4514 tantum
665 4460 723 4514 loco
748 4459 860 4514 alterius
885 4459 1019 4528 nymphae
1047 4477 1120 4514 soror
1146 4463 1266 4528 vocatur,
1285 4460 1389 4513 scilicet
1408 4459 1477 4525 quod

296 4551 355 4618 ipsa
372 4567 477 4618 quoque
495 4551 568 4606 Iovis
586 4550 679 4604 nutrix
697 4553 747 4617 ιιι,
766 4550 896 4617 templum
915 4553 1066 4617 vereretur,
1090 4551 1162 4605 omni
1182 4552 1256 4605 caret
1274 4547 1472 4616 probabilitate.
