3384 5134
689 327 910 390 ...27-

216 508 362 573 lactanco
386 523 477 570 nemo
501 508 551 570 est
573 504 650 588 quin
673 505 850 586 intellegat.
899 503 991 568 Duae
1017 503 1120 584 igitur
1143 500 1319 568 afferuntur
1337 519 1387 568 ca·

137 681 139 685 ,
215 614 388 679 testerismi
412 630 539 690 causae,
565 612 713 677 altera
735 612 866 694 pietatis
890 631 967 691 erga
990 611 1143 676 nutricem
1169 612 1200 673 et
1223 614 1385 692 tamquam

215 721 329 788 amoris
355 720 503 786 fraterni:
530 717 653 800 ἐτιμήθη
678 714 709 777 δὲ
734 715 778 776 διὰ
802 715 833 778 τό
857 715 1012 803 σύντροφος
1036 710 1106 778 εἶναι
1127 710 1171 800 τῴ
1187 715 1237 786 Διί,
1262 736 1325 800 qua
1349 718 1388 780 de

215 847 312 894 causa
345 828 440 892 etiam
474 826 604 904 haedos,
633 827 718 906 ipsos
748 845 873 909 quoque
894 827 990 892 Jovis
1014 827 1236 904 collactaneos,
1262 825 1388 890 aJove

214 938 299 1002 inter
323 938 411 1000 astra
434 935 604 999 collocatos
629 952 699 998 esse
722 934 948 1000 Parmeniscus
984 933 1062 998 dicit
1085 934 1172 1016 Hyg.
1199 937 1275 997 astr.
1294 931 1387 996 1113

129 1041 133 1044 ’
213 1043 346 1125 (itaquo
381 1044 512 1123 propter
547 1040 734 1108 beneficium
770 1042 878 1107 matris
915 1044 947 1106 et
982 1042 1101 1106 haedos
1125 1059 1250 1124 quoque
1274 1041 1389 1105 dicitur

212 1153 296 1216 iuter
331 1151 435 1215 sidera
470 1147 682 1231 collocasse');
724 1152 852 1215 altera
893 1151 1018 1230 gratiae
1053 1149 1239 1214 Titanorum
1274 1149 1388 1213 victori

213 1259 361 1334 habitae3
388 1259 490 1322 altera
508 1258 605 1338 igitur
629 1261 678 1322 est
702 1257 812 1322 fabula
836 1259 1011 1334 Arcadum,
1038 1258 1139 1321 altera
1155 1256 1292 1321 adicitur
1315 1273 1388 1321 con-

212 1367 372 1447 glutinata
396 1368 492 1444 post
521 1365 824 1444 Megasthenis
854 1369 1019 1429 aetatem
1043 1384 1084 1429 ex
1102 1362 1248 1445 partibus
1263 1363 1388 1426 illarum

213 1473 307 1537 trium
333 1471 524 1550 fabularum,
554 1471 592 1536 de
621 1471 737 1554 quibus
769 1491 866 1554 supra
896 1473 1067 1553 disputavi.
1116 1473 1231 1553 ltaque
1256 1489 1317 1536 non
1341 1470 1387 1534 iu·

213 1581 386 1646 disiunctas
406 1578 525 1668 'afferre
549 1579 624 1644 licet
647 1580 705 1644 has
730 1580 810 1644 duas
834 1579 977 1661 fabulas;
1001 1598 1114 1644 manca
1131 1579 1230 1660 igitur
1246 1579 1387 1643 codicum

212 1689 321 1764 leotio;
347 1689 437 1752 deest
461 1689 575 1770 copula
599 1688 804 1753 disiunctiva.
854 1687 957 1772 Quam
983 1687 1160 1768 opinionem
1192 1681 1254 1750 noir
1278 1703 1387 1750 carere

211 1795 347 1860 testibus
383 1800 518 1877 apparet
552 1815 593 1860 cx
625 1797 712 1878 Hyg.
739 1800 814 1860 astr.
840 1795 875 1860 ΙΙ
893 1803 952 1860 28:
991 1794 1104 1859 ‘Huius
1128 1793 1253 1873 effigies
1277 1791 1388 1856 similis

211 1902 578 1985 estAcgipaninuem
614 1904 753 1984 Jupiter,
791 1905 874 1986 quod
910 1923 979 1969 cum
1017 1922 1053 1966 eo
1089 1905 1158 1966 erat
1181 1901 1330 1980 nutritus
1355 1901 1388 1965 in

210 2010 368 2074 sideribus
385 2029 454 2075 esse
471 2011 582 2089 voluit,
608 2015 643 2074 ut
659 2029 786 2092 capram
804 2012 969 2090 nutricem,
995 2013 1033 2075 de
1050 2030 1113 2093 qua
1130 2013 1204 2074 ante
1225 2009 1386 2072 diximus.

211 2118 272 2182 hio
296 2119 412 2182 etiam
437 2119 600 2192 dicitur,
626 2137 696 2183 cum
719 2119 851 2198 Jupiter
875 2119 1008 2182 Titanas
1032 2119 1241 2199 oppugnaret,
1266 2115 1388 2197 primus

211 2223 365 2289 obiecisse
387 2225 532 2290 hostibus
557 2226 698 2290 timorem
717 2276 722 2286 .
743 2275 748 2286 .
770 2230 800 2298 .',
835 2231 969 2307 apparet
993 2225 1130 2290 maxime
1154 2225 1321 2305 perspicue
1345 2241 1386 2288 ex

210 2331 249 2394 iis
278 2350 361 2413 quae
398 2330 531 2396 exhibet
566 2333 663 2398 schol.
689 2331 841 2398 German.
867 2329 925 2414 (ip.
955 2339 1027 2411 155,
1048 2340 1102 2396 19:
1129 2330 1232 2414 ‘quem
1257 2331 1387 2396 fabulae

210 2457 229 2503 a
252 2440 338 2505 Jove
362 2439 445 2503 inter
469 2443 558 2504 astra
582 2441 768 2504 collocatum
794 2439 903 2504 serunt
927 2451 1056 2521 propter
1080 2459 1226 2521 capream
1252 2445 1383 2503 matrem

210 2545 287 2625 eiuS,
324 2565 406 2628 quae
441 2545 557 2612 dicitur
593 2546 690 2611 fuisse
725 2547 835 2610 nutrix
870 2547 974 2626 ι101118,
1011 2547 1094 2610 sive
1130 2548 1215 2628 quod
1239 2565 1309 2612 oum
1333 2546 1387 2610 illo

210 2652 317 2733 fuerit,
343 2654 470 2736 quando
487 2673 583 2734 super
598 2654 731 2718 'litones
747 2653 906 2718 militabat
924 2704 930 2716 .
951 2706 955 2713 .
976 2656 993 2716 .’
1042 2655 1104 2720 Sed
1128 2654 1183 2718 ubi
1207 2655 1386 2734 ponendum

210 2759 253 2824 sit
281 2759 361 2824 illud
383 2753 413 2840 ἢ,
439 2763 523 2842 quod
547 2765 579 2824 et
602 2760 761 2824 sententia
785 2765 817 2824 et
834 2762 1024 2826 testimoniis
1041 2761 1214 2842 flagitatur,
1240 2764 1260 2825 1.
1279 2781 1305 2825 e.
1325 2780 1386 2843 quo

209 2867 369 2962 referatur
392 2869 418 2932 is
442 2869 497 2950 qui
533 2868 682 2932 laudatur
718 2865 900 2949 Ἐιιρενίδης
928 2869 941 2928 ὁ
968 2868 1005 2927 τοὶ
1028 2865 1158 2950 Κρητικὰ
1184 2867 1311 2951 ἱστορῶν,
1345 2872 1384 2933 ad

208 2979 328 3039 eertum
353 2976 509 3056 redigitur
531 2977 801 3057 palaeographica
824 2978 957 3056 ratione,
992 2995 1055 3059 qua
1087 2995 1149 3042 non
1174 2976 1303 3049 dubium
1337 2981 1386 3040 est

209 3081 286 3164 quin
319 3083 361 3147 sit
395 3083 595 3148 scribendum
614 3106 620 3146 :
640 3080 764 3164 ἐτιμήθη
801 3079 832 3142 δὲ
868 3081 912 3143 aad
941 3081 970 3142 τὸ
995 3082 1150 3167 σύντροφος
1174 3076 1243 3142 εἶναι
1266 3077 1310 3165 tq]
1335 3081 1382 3142 nll

211 3185 340 3265 <Ἥ>
378 3187 510 3274 καθάπερ
548 3189 650 3250 ’Eut
681 3189 717 3249 τά
753 3188 807 3273 Κρ.
834 3190 888 3250 ἱστ.
915 3211 985 3273 ιρησι
1019 3187 1060 3250 ὅτι
1096 3188 1128 3250 ἐν
1153 3191 1192 3271 τῇ
1209 3185 1273 3271 ”hp
1299 3197 1385 3273 συνῆν

209 3294 300 3379 αὐτῷ,
325 3293 371 3356 ὅτε
397 3296 440 3358 ἐπὶ
467 3293 531 3366 τοὺς
555 3295 682 3365 Τιτᾶνας
707 3296 908 3381 ἐστράτευσεν.

314 3405 482 3471 Hactenus
506 3407 595 3485 haec,
629 3425 699 3470 cum
735 3407 767 3470 id
791 3410 916 3470 tamtum
945 3407 1063 3487 egerim
1089 3412 1124 3472 ut
1148 3409 1244 3472 certis
1268 3407 1385 3472 finibus

207 3511 505 3590 circumscriberem
532 3534 614 3597 quae
631 3513 839 3595 Epimenidea
860 3518 976 3590 essent,
1001 3533 1084 3596 quae
1107 3513 1220 3596 non*).
1270 3517 1386 3596 ltaque

207 3637 277 3682 oum
302 3623 428 3684 constet
451 3641 521 3686 eum
548 3623 603 3704 qui
619 3620 748 3688 Cretica
771 3623 959 3702 conscripsit
977 3621 1173 3704 Cynosuram
1198 3625 1230 3685 et
1246 3623 1381 3688 Helicen

206 3745 248 3790 ex
274 3727 435 3792 Arcadiae
458 3727 576 3793 fabulis
600 3729 764 3806 accivisse,
799 3735 997 3793 revertamus
1030 3731 1070 3793 ad
1100 3749 1169 3793 eam
1193 3748 1213 3793 a
1236 3749 1300 3812 qua
1323 3731 1382 3794 ini·

207 3833 285 3898 tium
321 3835 461 3914 cepimus
499 3832 631 3916 Ὠλενὶην
667 3828 747 3915 Αἶγα.
1205 3817 1210 3828 ’

314 3975 339 4040 *l
360 3975 412 4030 Sed
432 3981 464 4030 ut
482 3979 514 4030 de
533 3978 571 4030 eis
591 3994 659 4044 quae
678 3978 854 4044 insequuntur
880 3978 963 4030 dicam
982 3979 1043 4044 quid
1063 3995 1182 4032 censeam
1198 3997 1202 4032 :
1218 3980 1386 4046 postulantur

206 4080 238 4118 ee
257 4081 334 4130 quam
364 4067 468 4120 tentavi
498 4067 630 4119 solutione
649 4066 725 4119 haee:
757 4068 779 4118 1.
800 4083 868 4118 nnus
888 4067 924 4119 sit
951 4068 1094 4120 continuus
1122 4071 1273 4135 argumenti
1300 4074 1385 4146 tenor,

206 4156 230 4206 2.
252 4155 307 4207 Pan
328 4159 407 4208 canat
426 4155 539 4220 cochlea,
559 4156 583 4208 3.
604 4155 706 4208 dicatur
725 4157 854 4221 quomodo
874 4155 931 4208 Pan
951 4157 1083 4209 cochleam
1112 4160 1224 4224 adeptus
1252 4160 1296 4224 sit,
1325 4177 1384 4212 cum

205 4245 310 4312 propria
338 4247 375 4298 sit
403 4245 531 4298 Tritonis.
570 4245 615 4298 Sic
644 4245 726 4312 igitur
756 4245 820 4298 haec
849 4246 986 4298 scribenda
1005 4247 1142 4299 videntur:
1162 4243 1204 4296 ότι
1223 4242 1250 4296 ἑν
1268 4250 1308 4318 τῇ
1322 4243 1384 4318 Ἴδῃ

205 4334 281 4396 συνῆν
302 4331 380 4396 aiud,
400 4331 444 4384 ότε
463 4330 506 4382 ἐπὶ
525 4332 583 4386 τοὺς
606 4333 719 4386 Τιτᾶνας
739 4329 913 4402 ἐστράτευσεν,
934 4325 1007 4388 οὗτος
1026 4329 1053 4383 δὲ
1074 4329 1145 4384 δοκεῖ
1162 4333 1243 4405 εὑρεῖν
1262 4335 1308 4386 τὸν
1326 4334 1383 4400 κόχ-

202 4419 255 4482 λον,
276 4419 304 4472 ἐν
323 4415 343 4487 (ἶ
362 4424 567 4492 (temporaliter)
591 4421 719 4478 <Ζεύς>
740 4422 798 4476 τοὺς
826 4422 973 4490 συμμάχους
1000 4420 1178 4485 καθώπλισεν,
1205 4429 1318 4488 <καὶ>
1339 4421 1382 4475 διὰ

201 4511 231 4562 τὸ
251 4515 296 4563 τοῦ
316 4511 377 4578 ἤχου
395 4511 516 4562 ΙΙσνιιιὸν
534 4508 701 4579 καλοίμενον,
723 4509 737 4562 b'
757 4507 784 4562 οἱ
804 4515 911 4568 Τιτᾶνες
930 4511 1033 4582 ἔφευγον
1054 4517 1191 4575 -itaut
1211 4533 1242 4569 ea
1262 4533 1329 4590 quae
1349 4519 1381 4574 ab

206 4592 278 4656 οὗτος
297 4597 325 4654 δὲ
344 4603 437 4676 incipit
456 4604 599 4670 sententie,
618 4605 734 4672 pendeat
752 4604 810 4672 ipsa
830 4621 934 4676 quoque
953 4621 986 4662 ex
1005 4601 1053 4661 ὅτι.
