3384 5134
784 320 806 331 -
873 290 1003 349 42.-

308 481 327 526 a
350 462 424 542 gold
448 460 515 526 leaf
545 480 586 526 on
609 462 664 527 the
694 465 800 527 statne
832 463 859 526 is
883 483 902 528 a
924 463 1121 528 meritorious
1146 468 1198 528 aot
1222 459 1328 530 which
1351 484 1480 532 secures

309 569 359 632 for
382 569 437 635 the
461 570 659 650 worshipper
682 571 737 634 the
760 589 836 635 cure
860 572 895 636 of
916 572 971 635 the
994 571 1245 652 corresponding
1277 577 1351 652 part
1374 572 1406 638 ol
1430 573 1480 638 his

312 675 404 759 body.
452 675 487 741 lf
510 695 530 739 a
551 696 624 741 mau
649 694 744 759 prays
769 676 820 742 for
843 696 968 742 success
1001 678 1032 741 in
1062 677 1262 756 speculation
1287 677 1337 743 for
1360 681 1479 746 wealth

309 789 340 848 to
365 784 494 864 acquire
528 784 560 848 in
596 802 778 862 commerce,
813 785 968 866 iudustry,
1005 784 1121 864 fishing
1153 790 1223 864 ete,
1249 786 1289 850 he
1317 787 1400 868 gilds
1424 789 1480 853 the

309 891 412 956 whole
440 894 546 957 statue
575 890 655 957 from
689 892 769 956 head
799 898 832 956 to
862 890 937 956 foot.
986 890 1018 955 It
1041 892 1068 955 is
1093 891 1147 955 the
1171 895 1276 957 traces
1300 892 1336 958 of
1357 895 1481 978 gilding

308 1001 340 1061 to
367 1003 403 1061 be
427 1016 500 1063 seen
525 999 640 1063 almost
663 999 869 1082 everywhere
893 1017 932 1063 on
957 999 1012 1062 the
1036 1001 1159 1062 statues
1183 1001 1245 1064 and
1260 999 1348 1066 chief
1362 1000 1480 1082 figures

307 1104 339 1168 iu
366 1105 420 1169 the
444 1103 628 1170 bas-reliefs
651 1105 755 1170 which
788 1107 838 1169 led
867 1105 980 1186 people
1009 1108 1041 1170 to
1073 1123 1210 1185 suppose
1233 1106 1306 1171 that
1329 1105 1481 1191 formerly

308 1213 351 1276 all
376 1212 465 1277 these
489 1212 668 1294 sculptores
696 1233 782 1278 were
810 1211 917 1294 gilded
951 1212 994 1276 all
1023 1212 1130 1276 over’'.
1180 1212 1294 1294 Itaque
1317 1211 1479 1281 Bacchum

307 1320 453 1401 quamvis
478 1313 572 1403 ἔριφος
596 1325 727 1385 vocetur
751 1317 818 1396 (Et.
839 1321 884 1383 M.
903 1313 1067 1400 s.’'Epebol
1084 1337 1200 1400 caprae
1217 1319 1355 1401 imagine
1371 1321 1478 1388 lictum

307 1445 377 1490 esse
399 1445 591 1510 quamquam
617 1428 684 1491 viro
709 1427 801 1491 docto
825 1445 886 1491 nou
916 1425 1134 1499 concedemus,
1164 1431 1270 1491 tamen
1299 1425 1480 1494 fertilitatis

307 1539 338 1598 et
363 1533 529 1600 fecundiae
557 1535 642 1599 vires
672 1535 796 1599 divinas
825 1534 928 1598 inesse
958 1552 1074 1614 caprae
1102 1536 1135 1597 et
1165 1533 1318 1598 creditum
1350 1554 1420 1601 esse
1448 1541 1480 1603 et

307 1642 392 1706 credi
416 1660 485 1706 cum
511 1662 552 1706 ex
578 1642 638 1707 hoo
661 1642 806 1722 exemplo
831 1644 966 1722 apparet
983 1647 1048 1704 tum
1066 1659 1083 1703 e
1099 1640 1207 1705 multis
1224 1641 1306 1706 aliis.
1349 1643 1480 1728 Quanto

307 1753 412 1813 autem
438 1749 537 1830 pluris
561 1752 656 1831 putas
679 1767 807 1830 capram
830 1748 979 1813 habuisse
995 1746 1176 1828 Cretenses
1201 1749 1322 1831 quippo
1345 1768 1479 1833 qnorum

305 1857 411 1921 insula
444 1857 599 1937 singulari
633 1857 746 1922 floreat
780 1857 890 1920 horum
921 1855 1103 1919 animalium
1132 1855 1234 1936 copia.
1288 1855 1402 1940 Neque
1431 1879 1480 1924 me

306 1963 381 2030 ficta
405 1968 546 2044 proferre
570 1985 587 2029 e
613 1966 882 2029 monumentorum
907 1963 998 2043 copia
1027 1962 1095 2027 fere
1123 1963 1154 2026 in
1185 1962 1252 2027 dies
1281 1968 1377 2030 aucta
1400 1966 1479 2030 satis

306 2071 507 2153 perspicitur,
533 2069 649 2154 quibus
673 2071 704 2134 iu
721 2070 931 2134 monumentis
948 2087 1011 2134 non
1026 2070 1125 2134 solum
1143 2086 1259 2150 caprae
1275 2071 1316 2134 ad
1332 2076 1478 2138 naturam

308 2198 481 2260 expressae
511 2182 634 2254 extant,
665 2180 719 2242 sed
750 2178 844 2242 etiam
876 2195 991 2258 caprae
1020 2178 1134 2254 alatae,
1165 2178 1333 2242 daemones
1357 2179 1479 2260 caprini

308 2287 398 2350 multi
428 2287 651 2366 exprimuntur
679 2284 719 2350 cf.
750 2282 853 2350 Oook:
887 2284 1015 2348 Animal
1044 2283 1186 2364 worship
1215 2285 1247 2348 in
1271 2285 1327 2348 the
1352 2286 1478 2367 Myceu.

307 2413 366 2476 age
389 2392 435 2472 (J.
458 2393 502 2458 H.
525 2392 572 2457 St.
601 2395 683 2456 1891
710 2412 740 2473 p.
767 2398 828 2455 150
845 2389 941 2474 sqq),
967 2391 1007 2454 D.
1027 2391 1068 2454 G.
1087 2391 1251 2472 Hogarth:
1276 2391 1345 2455 The
1369 2391 1478 2457 Zakro

307 2503 447 2584 sealings
471 2499 517 2583 (J.
535 2501 578 2566 Η.
597 2497 645 2564 st.
667 2499 750 2564 1902
768 2519 798 2580 p.
820 2505 858 2562 77
876 2499 974 2582 sqq).

414 2627 526 2709 Neque
562 2645 638 2691 vero
675 2627 705 2690 irr
743 2644 905 2690 commuue
940 2629 1064 2690 tautum
1100 2629 1136 2690 ut
1172 2623 1338 2692 facundiae
1362 2643 1478 2690 numen

306 2737 420 2802 colitur
443 2753 550 2816 capra,
585 2733 638 2798 sed
673 2733 844 2815 peculiaris
868 2733 935 2797 eius
959 2737 1008 2797 est
1023 2733 1188 2814 provincia
1212 2731 1387 2797 fertilitatis
1411 2731 1477 2797 fru-

305 2862 389 2924 gum.
449 2842 522 2927 Qua
557 2843 595 2907 de
631 2861 664 2905 re
699 2840 775 2923 quid
811 2839 916 2905 adhue
951 2839 1001 2905 vel
1037 2845 1195 2905 nostrates
1219 2839 1371 2920 cogitent,
1396 2857 1479 2922 quae

305 2951 431 3014 uomina
454 2950 626 3015 indiderint
645 2950 730 3014 velut
749 2947 958 3028 ‘Korngeifs’,
977 2943 1205 3028 ‘Habergeifs',
1226 2943 1477 3028 ‘Weizengeifs',

306 3057 516 3137 ‘Koruboclr’,
534 3053 778 3129 ‘Kornmutter’,
797 3055 1081 3136 ‘Roggenmutter’,
1106 3055 1185 3119 haec
1208 3054 1312 3120 omnia
1336 3053 1479 3118 iuvenies

305 3167 336 3230 iu
360 3165 582 3230 Maunhardtii
605 3163 687 3229 libro
712 3164 766 3244 qui
790 3162 978 3228 inscribitur
1002 3161 1138 3227 ‘Antike
1164 3163 1275 3226 Wald·
1300 3163 1364 3226 und
1386 3162 1478 3227 Feld·

305 3273 404 3338 hulte’
429 3271 519 3354 Hp.
548 3279 609 3337 162
634 3291 714 3354 sqq..
742 3271 798 3353 qui
832 3271 913 3340 idem
948 3271 1119 3334 humanam
1161 3270 1245 3349 genii
1277 3267 1478 3334 frumentarii

304 3380 440 3462 speciem
470 3380 614 3462 plurimis
643 3377 828 3460 comprobat
856 3377 1054 3443 testimoniis.
1101 3378 1196 3444 Unde
1224 3376 1250 3441 si
1280 3379 1477 3440 revertemur

304 3489 345 3554 ad
371 3488 588 3568 Amaltheam,
612 3487 688 3553 licet
712 3486 861 3570 quamvis
885 3484 1071 3550 dubitanter
1099 3503 1209 3550 vocem
1238 3484 1339 3566 ipsam
1369 3483 1474 3566 expli-

303 3616 377 3663 care
411 3596 439 3662 si
474 3615 577 3662 none
609 3595 737 3660 Graeca
772 3597 806 3659 at
841 3595 926 3658 certe
962 3611 1004 3658 ex
1040 3592 1306 3674 Indogermanica
1341 3592 1475 3672 lingua:

304 3702 498 3770 Amaltheae
522 3703 604 3767 enim
629 3702 705 3784 quid
729 3701 800 3767 voci
824 3699 901 3765 insit
918 3701 1064 3779 notionis
1089 3719 1130 3764 ue
1145 3697 1331 3764 inferiorum
1348 3698 1475 3781 quidem

305 3817 482 3892 temporum
506 3812 621 3893 poetas
646 3811 754 3874 doctos
778 3827 883 3890 neque
906 3807 1131 3890 grammaticos
1161 3805 1310 3889 effugisse
1340 3805 1476 3883 videtur,

304 3919 356 3985 cui
382 3920 425 3984 rei
450 3917 629 3984 testimonio
667 3917 711 3982 sit
738 3916 880 3999 Hesyeh.
914 3911 1076 3997 ἀμαλθεὺει
1106 3910 1255 3995 πληθύνει,
1289 3903 1477 3991 alacritati

308 4023 404 4109 τρέφει
422 4023 611 4106 ,Ἀμάλθεια
633 4025 716 4091 euim
740 4026 884 4107 componi
909 4025 1035 4089 videtur
1058 4043 1099 4088 ex
1119 4014 1210 4102 Ἀμα,
1228 4040 1322 4105 quam
1339 4019 1477 4086 radicem

304 4134 414 4198 matris
439 4134 470 4197 vi
494 4134 684 4198 instructam
708 4129 993 4198 innumerabilibus
1017 4129 1125 4194 verbis
1142 4131 1230 4195 velut
1247 4122 1342 4208 ”Apta
1360 4121 1478 4207 ''Appq,

302 4239 389 4322 'Apta
421 4240 634 4306 Kretschmer
664 4241 766 4304 inesse
798 4238 1030 4304 demonstravit
1064 4235 1199 4314 (Eruli.
1218 4238 1247 4302 d.
1266 4234 1385 4316 griech.
1404 4231 1476 4314 Spr.

302 4368 333 4431 p.
352 4347 416 4414 339
433 4345 518 4432 sqq.)
526 4365 535 4430 ;
560 4347 693 4412 alterius
717 4344 848 4410 membri
872 4342 946 4403 ἀλθ-
972 4344 1066 4409 radix
1091 4347 1183 4409 extat
1206 4345 1236 4409 E
1262 4348 1342 4406 417:
1369 4336 1477 4399 ditem

303 4455 376 4542 χείρ,
394 4455 548 4550 Hippoer.
568 4455 623 4520 ΙΙΙ
642 4460 704 4546 190
721 4453 766 4544 L·
785 4451 955 4519 ἀποστάσιες
974 4448 1146 4524 decollato,
1163 4451 1214 4542 cul
1230 4449 1331 4542 radici
1354 4446 1477 4536 (θιὼ)
