3384 5134
771 313 895 374 ...24
942 346 974 355 ...

398 487 533 556 Ceterae
558 508 665 556 omnes
688 490 799 555 Rheae
823 488 954 555 fabulae
977 493 1034 554 aut
1057 489 1087 553 ei
1111 489 1246 571 tempori
1269 489 1354 572 quod
1377 490 1465 553 ant·

292 596 389 662 cessit
401 594 429 680 *l
453 598 562 679 partui
587 601 642 662 ant
666 598 695 662 oi
719 599 802 681 quod
827 600 876 661 est
899 599 1041 662 secutum
1071 595 1126 678 (cf.
1151 597 1249 662 Paus.
1275 596 1362 661 VIII
1379 600 1465 676 41,‘3

292 707 344 784 28,
359 704 393 784 2)
430 703 556 769 adfixae
589 705 682 769 nimis
717 702 888 770 manifesto
923 709 997 769 suut
1032 704 1213 786 aetiologici
1247 703 1332 787 quod
1356 704 1467 768 dicunt

291 813 418 894 generis
442 831 536 895 quam
562 817 597 877 ut
621 811 740 877 diutius
764 813 796 876 in
820 813 859 877 ils
875 830 997 894 morer3
1022 814 1077 876 sod
1101 831 1210 877 omues
1233 830 1335 893 paene
1358 811 1466 891 digitis

291 922 471 984 monstrant
493 920 525 984 in
550 919 692 984 tabulam
716 938 786 984 eam
811 938 894 1001 quae
916 921 955 985 de
977 919 1074 985 Jovis
1106 923 1201 1001 partu
1237 917 1409 998 ferebatur,
1434 919 1466 982 iu

292 1044 386 1109 quam
409 1027 470 1092 iam
495 1026 683 1108 diligentius
705 1027 926 1110 inquirendum
951 1031 1008 1093 est.

397 1151 550 1218 Nascitur
576 1153 730 1234 Iuppiter
761 1152 795 1217 iu
825 1147 975 1232 Arcadia,
1008 1153 1063 1217 sed
1098 1171 1203 1234 neque
1225 1151 1291 1216 ulla
1314 1151 1467 1231 religione

291 1259 407 1324 coIItur
421 1259 446 1325 J
448 1261 575 1341 uppiter
597 1258 705 1325 Infans
721 1279 824 1343 neque
840 1262 879 1326 de
894 1260 1035 1326 Infantia
1051 1260 1119 1324 eius
1136 1259 1202 1324 ulla
1218 1257 1321 1324 fertur
1337 1257 1466 1333 fabula;

291 1369 400 1431 natum
432 1384 502 1430 eum
534 1384 603 1432 esse
636 1369 721 1448 apud
745 1386 779 1432 se
802 1401 844 1410 —
868 1367 900 1432 id
923 1368 1027 1449 ipsum
1051 1369 1084 1432 et
1108 1367 1209 1433 solum
1232 1366 1397 1432 Arcadum
1421 1366 1467 1428 iu-

291 1477 399 1539 terest.
447 1474 561 1557 Neque
585 1475 701 1556 quibus
725 1476 764 1541 de
788 1476 894 1541 causis
910 1477 971 1541 hoc
986 1475 1145 1541 mordicus
1169 1474 1340 1553 tenuerint,
1365 1472 1467 1554 fugiet

292 1601 363 1647 eum
398 1583 453 1665 qui
487 1582 696 1664 reputaverit,
733 1582 861 1648 ubiuam
897 1585 1045 1648 Arcades
1081 1601 1151 1648 eum
1185 1583 1275 1647 nasci
1298 1580 1466 1647 volueriut.

291 1690 380 1754 Nihil
416 1690 496 1754 enim
534 1691 603 1756 dico
638 1692 677 1754 de
714 1691 810 1757 Jovis
835 1691 955 1774 Lycaei
989 1691 1211 1772 antiquissimo
1235 1689 1333 1755 cultu.
1382 1687 1467 1772 Quid

291 1800 396 1862 autem
429 1798 541 1863 mirum
577 1799 662 1880 quod
697 1817 733 1864 eo
767 1799 837 1879 ipso
872 1800 941 1864 loco
977 1817 1038 1881 quo
1069 1798 1138 1862 eius
1162 1796 1395 1862 sanctissimum
1419 1802 1469 1860 est

291 1906 442 1986 templum
460 1901 508 1986 **)
544 1905 811 1989 celebranturque
846 1906 912 1970 ludi
933 1901 1001 1987 ***)
1036 1909 1131 1970 natus
1167 1905 1284 1971 dicitur
1315 1903 1469 1984 Juppiter

292 2013 422 2095 eiusque
457 2015 598 2080 nutrices
634 2014 739 2080 fontes
767 2013 913 2079 feruntur
935 2014 1022 2078 illius
1046 2013 1186 2096 regionis
1210 2012 1312 2088 Neda,
1338 2011 1466 2091 Thisoa,

291 2121 410 2201 Hagno
435 2121 546 2200 (Paus.
564 2121 653 2187 VIII
670 2128 722 2202 38,
738 2119 781 2203 3).
829 2122 902 2188 Hoc
925 2123 987 2186 iam
1012 2141 1069 2203 per
1093 2140 1127 2185 se
1152 2119 1247 2186 facile
1270 2119 1469 2198 intellegere-

291 2231 353 2306 tur,
379 2229 499 2293 sedne
525 2229 601 2310 quid
628 2233 756 2294 maneat
785 2229 1003 2309 dubitationis,
1035 2229 1121 2292 unde
1151 2227 1377 2293 arcessiverint
1404 2227 1469 2290 Ar·

292 2335 387 2400 cades
422 2335 519 2400 Jovis
553 2335 757 2413 incunabula,
792 2336 893 2400 artius
921 2334 1193 2401 circumscribitur
1216 2353 1254 2399 ea
1277 2334 1364 2413 regio
1388 2351 1470 2414 quae

293 2439 383 2506 fovet
415 2440 588 2506 infantem:
626 2449 752 2508 autrum
788 2442 859 2508 dico
884 2441 1055 2509 Cretaeum
1081 2440 1177 2520 (Call.
1195 2441 1226 2505 h.
1244 2441 1320 2507 Iov.
1339 2438 1405 2519 34),
1431 2439 1469 2502 de

292 2566 355 2630 quo
378 2549 475 2613 Paus-
501 2549 581 2615 haec
604 2548 737 2614 exhibet
760 2546 864 2630 (VIII
884 2557 936 2629 38,
952 2546 999 2630 2):
1031 2545 1060 2606 ἐν
1086 2539 1227 2630 ἀριστερηῖ
1253 2541 1285 2606 δὲ
1317 2550 1365 2605 τοῦ
1397 2544 1469 2627 ἱεροῦ

291 2659 345 2735 τῆς
368 2653 528 2735 Δεσποίνης
552 2653 585 2714 τὸ
609 2651 674 2738 ὄρος
699 2652 758 2714 ἐστί
781 2653 924 2714 Λύκαιον
944 2705 952 2720 ,
971 2702 1003 2714 ..
1028 2659 1173 2737 τραφῆναι
1196 2651 1227 2714 δὲ
1250 2651 1298 2712 τὸν
1316 2652 1368 2712 Δία
1384 2649 1469 2736 φασίν

293 2759 323 2820 ἐν
345 2761 388 2843 τῷ
411 2759 469 2845 ὄρει
496 2759 590 2845 τούτῳ
608 2778 615 2792 ·
631 2761 678 2821 καί
712 2761 794 2846 χώρα
831 2759 905 2821 ἐστίν
930 2759 959 2820 ἐν
994 2760 1038 2844 τῴ
1071 2758 1188 2844 Λυκαίῳ
1218 2757 1338 2843 Κρητέα
1366 2757 1468 2819 καλου-

293 2868 365 2950 μένη
391 2905 431 2912 -
457 2865 529 2950 αὕτη
554 2866 585 2929 δὲ
609 2869 628 2950 η
653 2866 776 2952 Κρητέα
801 2866 875 2928 ἐστίν
901 2855 935 2938 ἐξ
966 2869 1118 2952 ἀριστερᾶς
1143 2865 1330 2934 ’Λπόλλωνος
1358 2863 1471 2936 ἄλσους

293 2973 440 3057 ἐπίκλησιν
476 2973 643 3061 Παρρασίου
681 3014 721 3022 -
757 2976 804 3037 καί
835 2975 888 3058 τὴν
922 2974 1055 3060 Κρήτην,
1101 2973 1173 3064 ἔνθα
1208 2975 1222 3036 ὁ
1251 2973 1375 3060 Κρητῶν
1410 2971 1471 3058 ἔχει

291 3081 375 3165 λοήος
397 3090 541 3167 τραφῆναί
564 3084 626 3157 Δία,
652 3083 683 3145 τὸ
706 3083 810 3169 χωρίον
833 3089 917 3144 τοῦτο
942 3076 1011 3144 εἶναι
1033 3083 1079 3144 καί
1114 3084 1146 3145 οὐ
1180 3081 1234 3166 τὴν
1263 3089 1351 3166 νῆσον
1385 3084 1470 3167 ἀρρί-

293 3187 444 3272 σβητοῦσιν
468 3190 492 3250 οἱ
515 3189 667 3276 Ἀρκάδες.

399 3315 543 3384 Arcades
577 3320 676 3399 igitur
711 3323 747 3382 ut
781 3317 938 3400 fingerent
974 3320 1016 3384 ad
1051 3319 1253 3387 Cretensium
1286 3318 1466 3398 exemplum

293 3427 550 3491 narratiunculas
584 3427 623 3490 de
651 3427 738 3493 Jove
765 3431 798 3490 et
817 3425 919 3504 Rhea,
954 3445 1037 3508 quae
1061 3427 1121 3491 dea
1145 3429 1272 3507 praeter
1296 3425 1375 3490 duas
1398 3425 1471 3489 illas

293 3532 420 3599 tabulas
445 3553 524 3616 quas
549 3535 589 3598 ad
614 3533 767 3614 originem
791 3552 880 3598 suam
910 3535 1060 3599 reducere
1084 3533 1192 3608 studui
1216 3532 1374 3596 artissime
1398 3551 1468 3596 cum

292 3642 387 3708 Jovis
411 3641 532 3721 origine
547 3641 705 3720 cohaeret,
730 3641 859 3706 adducti
884 3643 960 3705 suut
984 3659 1020 3705 eo
1046 3642 1130 3722 quod
1153 3658 1244 3704 suum
1269 3641 1360 3703 deum
1385 3640 1471 3721 apud

293 3753 459 3814 senatum
484 3768 553 3814 esse
576 3747 737 3827 volebant,
763 3749 862 3814 adiuti
887 3753 962 3814 suut
986 3749 1119 3813 nomime
1143 3747 1357 3812 similitudine.
1408 3745 1471 3812 Sed

292 3856 374 3923 haec
409 3856 519 3921 fabula
555 3875 626 3920 cum
663 3860 811 3923 constare
847 3857 992 3922 videatur
1027 3858 1191 3936 tamquam
1226 3854 1414 3937 priucipalis
1437 3857 1469 3919 et

399 4069 426 4134 *)
447 4070 525 4123 Paus.
545 4068 621 4122 VIII
635 4069 677 4135 10,
693 4068 762 4121 1-4
781 4064 846 4136 ίννὲρ
866 4062 894 4118 δὲ
911 4067 957 4116 roi
977 4060 1083 4117 σταδίου
1101 4063 1132 4115 τὸ
1151 4062 1212 4134 ὄρος
1231 4061 1285 4116 ἐστὶ
1303 4060 1471 4128 τὸἈλήαιον,

294 4153 337 4209 διὰ
356 4158 405 4224 τὴν
422 4155 489 4224 ἄλην
507 4154 541 4213 ὥς
560 4177 624 4225 φασι
642 4153 802 4224 καλούμενον
821 4159 868 4222 τῆς
882 4154 969 4211 Ῥέας.

400 4250 442 4318 **)
460 4252 543 4304 schol.
563 4251 628 4304 Eur.
650 4246 697 4304 Or·
720 4249 786 4302 1647
806 4242 942 4314 Πελασγὸς
962 4285 966 4296 .
989 4286 993 4295 .
1016 4239 1096 4296 ,υἱὸν
1114 4243 1170 4310 ἔσχε
1188 4241 1315 4294 Λυκάονα
1334 4240 1361 4297 ὃς
1378 4241 1409 4293 τὸ
1427 4244 1472 4293 roi

294 4339 412 4390 Λυκαίου
430 4339 492 4394 Διὸς
511 4333 581 4408 ἱερὸν
600 4337 687 4390 εἵσατο
708 4334 735 4388 ἐν
754 4336 909 4408 Παρρασίᾳ.

402 4429 461 4495 ***)
480 4430 557 4484 Piud.
572 4425 615 4484 Ol.
629 4429 672 4482 IX
688 4429 751 4481 102:
770 4424 802 4476 τὰ
824 4421 852 4476 δὲ
872 4423 1019 4494 Παρρασίῳ
1038 4425 1141 4493 στρατῷ
1160 4417 1315 4488 θαυμαστὰς
1334 4417 1383 4470 ἐὼν
1402 4417 1472 4487 φάνη

294 4517 377 4587 Ζηνός
395 4519 465 4588 ἀμφὶ
482 4516 629 4588 πανάγυριν
648 4514 773 4570 Λυκαίου,
