3384 5134
778 287 985 351 ...20-

297 457 554 544 herankommen,
591 481 641 528 nm
667 465 736 530 dem
774 465 854 531 Tot
866 485 914 532 en
948 464 1216 534 Geschenke
1251 487 1291 534 nu
1326 465 1470 550 bringeri.

298 569 362 634 Die
385 571 453 635 drei
469 571 605 636 Mdnner
629 571 734 638 haben
757 572 912 638 teilweise
929 576 1030 682 ααρΙιλ
1031 594 1069 640 en
1086 572 1369 658 Oberkdrper...
1405 576 1473 643 Der

298 680 382 743 erste
405 681 493 759 ttrag
517 679 574 744 mit
598 679 867 746 beidenflenden
891 682 941 747 ein
965 701 1124 763 grosses
1148 683 1268 760 Horn
1294 683 1472 766 dieSpitze

299 785 375 850 weit
398 804 457 850 vor
478 785 548 851 sich
571 786 625 850 hin
650 786 718 852 halt
706 789 800 862 t;end
825 786 977 854 Paribeni
1001 790 1181 870 vergleicht
1167 791 1254 856 tdie
1270 789 1352 856 Gest
1339 792 1401 855 ttal
1387 793 1472 856 tmit

298 893 368 958 dem
392 894 778 977 emporgeschwungenen
802 896 896 960 Ende
920 896 1005 961 eines
1030 895 1175 972 Sohiffes‚
1196 897 1313 977 jedoch
1337 918 1396 964 nur
1420 919 1471 964 um

298 1000 349 1065 die
375 1001 470 1066 Form
494 1002 567 1066 klar
589 1021 630 1067 nu
653 1003 787 1068 machen
806 1051 812 1063 .
832 1051 839 1065 .
859 1002 887 1065 .“
935 1000 999 1069 Sed
1032 1021 1102 1069 eum
1127 1005 1208 1070 haec
1231 1005 1336 1087 opinio
1360 1003 1472 1085 pastum

298 1111 385 1174 certo
409 1109 490 1190 pede
513 1112 579 1174 stet
602 1127 697 1192 quam
721 1113 757 1174 ut
781 1110 952 1192 quicquam
986 1111 1061 1176 inde
1089 1109 1175 1178 effici
1197 1113 1309 1194 possit,
1346 1113 1473 1178 aliunde

297 1215 421 1280 initium
446 1217 495 1280 est
518 1215 716 1296 capiendum.
748 1251 788 1261 -

405 1323 432 1387 Ι.
457 1307 512 1391 Αἲξ
536 1320 597 1406 ἱερή
623 1319 688 1404 (τὴν
713 1322 765 1404 μέν
792 1343 823 1382 τε
846 1321 932 1404 λόχος
955 1321 997 1384 Διὶ
1021 1321 1115 1404 μαζόν
1140 1321 1277 1408 ἐπισχεῖν,

456 1421 593 1510 Ὠλενίην
617 1425 648 1488 δέ
673 1450 718 1510 μιν
742 1423 815 1510 Αἶχα
839 1427 905 1497 Διός
927 1428 1060 1490 καλέουσ’
1086 1428 1249 1514 ὑποφῆται).

297 1536 390 1602 Haeo
425 1536 525 1602 verba
560 1534 651 1602 Arati
686 1555 769 1620 qnae
803 1543 879 1602 sunt
914 1538 946 1602 in
976 1539 1147 1604 Phaenom.
1178 1544 1249 1604 163.
1264 1547 1294 1604 4.
1319 1558 1382 1605 non
1405 1540 1473 1605 sine

297 1644 404 1726 specie
427 1645 521 1710 Meas
544 1645 577 1710 in
601 1641 729 1710 Arateis
753 1641 797 1725 (p.
816 1644 878 1710 341
905 1645 968 1728 sq.)
993 1645 1140 1728 adiungit
1163 1646 1208 1711 eis
1231 1664 1314 1729 quae
1338 1647 1472 1727 legimns

297 1753 330 1818 in
353 1771 401 1818 vs.
427 1759 469 1817 30
493 1771 564 1836 sqq.

403 1859 450 1926 Π.
796 1859 820 1918 εἰ
843 1856 922 1920 ε’τεόν
946 1855 981 1940 δη

459 1962 618 2050 Κρήτηθεν
634 1963 723 2025 κεῖναί
745 1985 776 2046 ηε
801 1964 866 2033 Διὸς
891 1963 1017 2046 μεχάλου
1041 1986 1067 2026 κ.
1084 1985 1110 2026 τ.
1126 1964 1167 2038 λ.,

299 2073 477 2157 dequibus
501 2078 552 2139 ast
554 2075 596 2138 ris
620 2074 652 2138 in
668 2074 766 2139 schol.
784 2070 877 2139 Arat.
853 2077 935 2139 646
961 2075 1041 2139 haec
1065 2074 1218 2139 exhibent
1206 2079 1281 2138 tur:
1299 2071 1471 2158 ρέὲρεταιδ
1483 2154 1485 2158 Ι

296 2179 438 2263 περὶτοῦ
463 2178 621 2264 Δράκοντος
645 2176 786 2263 Κρητικός
809 2177 949 2262 μῦθοςᾙ
934 2202 974 2248 or:
998 2177 1086 2263 ἄρα
1073 2181 1168 2239 επιόντ
1163 2201 1200 2248 ,ος
1215 2177 1282 2240 ποτὲ
1298 2185 1346 2241 τοῦ
1362 2177 1471 2264 Κρόνου

297 2285 408 2356 όΖεὺς
431 2285 646 2370 εὐλαβηθεᾚς
637 2287 736 2348 εαυτὸν
771 2284 824 2370 μὲν
860 2287 899 2355 εἰς
933 2285 1076 2371 δράκοντα
1105 2287 1395 2372 μετεμόρφωσεηα
1377 2285 1471 2356 ἀςδέ

302 2391 421 2480 τροιρυὺς
437 2395 478 2462 εἰς
494 2392 627 2479 ἄρκτους,
644 2393 691 2455 καὶ
707 2396 864 2476 ἁπατησας
879 2393 926 2454 τόν
948 2393 1063 2505 πατέρα
1081 2415 1137 2476 μετ
1129 2393 1158 2453 6
1173 2415 1208 2455 το
1199 2393 1446 2477 παραλαβεῖν“
1419 2414 1471 2476 την

300 2500 498 2585 βασίλειαν
470 2524 502 2564 το
526 2500 639 2584 συμβάν
664 2499 762 2584 ἑαυτῷ
784 2521 816 2562 τε
840 2500 886 2562 καὶ
910 2494 974 2570 ταῖς
995 2507 1108 2586 τροφοῖς
1134 2505 1176 2586 τῷ
1201 2500 1364 2585 ἀρκτικῷ
1352 2504 1471 2583 ενεστη-

301 2596 362 2694 ριξε
386 2608 492 2693 κόκλιρ.

405 2719 470 2784 ΙΙΙ.
496 2714 596 2784 Addit
618 2719 729 2782 Maass
753 2716 949 2782 historiolam
974 2735 1056 2799 quae
1081 2717 1119 2781 de
1143 2716 1337 2800 Capricorno
1362 2737 1470 2782 narra·

298 2828 361 2906 tur,
386 2845 481 2908 quam
505 2844 575 2891 cum
600 2823 685 2889 infra
709 2824 806 2889 latins
830 2823 993 2905 digressus
1017 2825 1242 2889 emendaturus
1266 2825 1334 2903 sim,
1359 2843 1470 2889 secun·

240 2957 243 2964 ¹
298 2935 372 3000 dum
407 2933 550 2999 codicum
588 2931 791 3013 scriptionem
826 2930 963 2996 exhibeo
1001 2929 1106 3010 (Erat.
1131 2937 1193 2997 cat.
1223 2931 1372 2996 XXVII
1396 2931 1469 3011 R.):

298 3037 467 3122 Αῐηόκερως
492 3032 573 3105 οὗτός
597 3035 656 3098 ἐστι
686 3032 729 3119 ro]
761 3029 828 3096 εἴδει
860 3033 953 3118 ὅμοιος
987 3039 1029 3118 τῷ
1064 3036 1212 3164 Αἰόχρτανι.
1231 3023 1302 3106 ἐξ
1289 3035 1393 3096 εκεόνου
1417 3036 1470 3120 χόρ

298 3148 399 3229 (Wil.
426 3142 457 3206 66
444 3144 586 3227 6.codd)
615 3144 750 3226 ηέηονεν.
769 3139 884 3228 ἕχειδὲ
907 3143 1008 3227 θηρίου
1032 3143 1068 3203 τοί
1092 3141 1171 3204 κότου
1196 3143 1270 3228 μέρη
1295 3143 1341 3204 καὶ
1363 3143 1471 3274 κέρρτα

299 3252 343 3314 ἐπὶ
371 3274 405 3335 τη
397 3246 573 3338 κεραλη.
591 3248 772 3334 ἐτιμηθηδὲ
758 3248 891 3312 εδιοὶ
864 3272 895 3312 το
920 3251 1020 3335 σόντρο
1022 3272 1075 3336 ρος
1099 3251 1313 3335 (σόντρορονΒ
1336 3245 1428 3331 V)
1402 3271 1471 3311 ειναι

298 3353 341 3443 τῷ
363 3359 406 3421 Διὶ
428 3358 559 3443 καθάπερ
574 3356 791 3440 Ἐπιμενίδης
780 3380 794 3418 ο
822 3379 856 3418 τα
849 3355 1026 3442 Κρητικὰ
1020 3353 1137 3441 ιστορῶν
1154 3378 1240 3442 ρησιν
1257 3355 1297 3418 ότι
1313 3356 1342 3418 ἐν
1358 3361 1396 3439 τη
1406 3353 1470 3438 ’Ίδη

299 3473 386 3550 συνῆν
410 3466 488 3552 αὐτη*
504 3464 550 3527 ότε
568 3465 612 3527 ἐπὶ
640 3462 704 3533 τοὺς
727 3464 856 3532 Τιτᾶνας
880 3463 1078 3549 ἐστράτευσεν
1097 3513 1103 3525 .
1121 3461 1205 3533 οὗτος
1227 3462 1259 3525 δὲ
1283 3463 1357 3526 δοκεῖ
1381 3463 1470 3549 εὑρεῖν

299 3573 348 3636 τόν
372 3575 476 3660 κόχλον
501 3573 530 3635 ἐν
555 3568 580 3657 6
601 3570 667 3642 τοὺς
686 3578 856 3656 συμμάχους
872 3570 1056 3633 καθώπλισεν
1073 3570 1118 3632 διυὶ
1134 3570 1165 3632 τό
1185 3577 1233 3632 τοῦ
1256 3568 1329 3656 66⁰⁰
1346 3569 1470 3633 Πανικόν

297 3680 473 3764 καλοόμενον
497 3678 512 3740 ὃ
535 3680 559 3742 οἱ
582 3679 703 3749 Τιτᾶνες
728 3676 845 3764 ἔφευχον
863 3731 870 3745 .
889 3677 933 3739 διό
957 3675 989 3739 δὲ
1016 3681 1047 3739 τό
1076 3678 1163 3762 (add.
1189 3678 1394 3764 Bernhardy)
1421 3677 1470 3738 τόν

298 3788 403 3874 κόχλον
428 3787 457 3849 ἐν
480 3809 517 3870 τη
542 3785 683 3868 θαλάσση
709 3785 800 3872 εὑρεῖν
824 3786 910 3870 (add.
928 3786 1057 3872 Hcyne)
1081 3793 1252 3870 παράσημον
1277 3782 1338 3871 ἔχει
1361 3785 1469 3870 ἰχθόος.

402 3897 463 3962 IV.
488 3897 540 3962 De
571 3895 686 3978 quibus
720 3897 910 3961 testimoniis
939 3899 975 3960 ut
1003 3896 1098 3977 plane
1121 3895 1280 3960 iudicetur
1304 3895 1471 3961 adicienda

295 4009 371 4071 sunt
403 4025 484 4089 quae
519 4005 559 4070 de
593 4003 758 4068 Ariadnae
792 4021 908 4069 corona
943 4004 1096 4084 leguntur
1118 4003 1150 4066 in
1175 4002 1297 4084 Hygin.
1316 4003 1388 4067 115
1414 4000 1469 4081 (cf.

295 4112 394 4178 schol.
420 4110 570 4178 German.
595 4112 716 4192 BPp.
735 4116 787 4190 61,
803 4116 853 4176 12.
879 4110 961 4176 Rob.
980 4110 1000 4173 l.
1018 4127 1044 4175 o.
1063 4128 1094 4189 p.
1114 4108 1165 4176 66.
1185 4114 1254 4186 67);
1281 4107 1349 4173 ‘sed
1373 4115 1408 4174 ut
1427 4109 1472 4173 ait

296 4219 352 4304 qui
385 4215 514 4285 Cretica
548 4219 746 4300 conscripsit,
780 4237 843 4301 qno
878 4221 1022 4300 tempore
1058 4217 1156 4281 Liber·
1183 4217 1225 4282 ad
1249 4217 1359 4282 Minoa
1383 4217 1472 4281 venit

295 4329 438 4410 cogitans
473 4327 641 4393 Ariadnen
676 4327 890 4409 comprimere,
927 4326 1011 4390 hanc
1034 4343 1182 4390 coronam
1207 4325 1316 4408 cipro
1341 4343 1470 4389 munere

293 4437 398 4518 dedit;
422 4456 487 4518 qua
511 4436 669 4501 delectata
692 4453 754 4500 non
779 4434 939 4500 recusavit
962 4434 1201 4500 condicionem.
1220 4433 1337 4498 dicitur
1373 4433 1468 4498 etiam

295 4565 315 4610 a
339 4545 486 4611 Vulcano
510 4543 597 4610 facta
620 4563 662 4610 ex
686 4561 763 4609 auro
786 4546 819 4607 et
841 4538 959 4607 Indicis
983 4542 1134 4622 gemmis;
1159 4560 1217 4623 per
1233 4559 1312 4624 quas
1328 4541 1471 4605 Theseus
