3384 5134
882 268 1102 342 ..5p...

406 475 474 524 eam
499 459 601 540 possit
625 454 865 538 [vendicionibus
889 455 1012 541 φοιβάδα
1040 453 1183 521 λυσσάδα.
1230 457 1325 526 Unde
1356 458 1582 524 concludemus

406 567 539 646 primum
565 566 656 630 nihili
680 585 748 632 esse
771 567 937 631 Melissum
963 571 1017 631 aut
1042 567 1226 632 Melisseum
1251 565 1368 632 Cretae
1392 585 1498 647 regem
1524 566 1583 646 qui

405 674 557 737 Melissae
589 676 681 753 pater
713 671 896 754 vocatur,*)
932 674 1044 738 deinde
1068 693 1137 738 cum
1163 673 1232 754 apis
1257 672 1359 738 tribus
1386 672 1504 737 deabus
1528 691 1583 736 ne-

406 780 599 845 cessitudine
622 781 761 859 quadam
786 781 869 845 inter
893 799 927 845 se
951 781 1096 860 cognatis
1121 783 1177 844 aut
1200 780 1332 844 cesserit
1361 784 1417 843 aut
1441 783 1583 861 aequata

406 889 457 967 sit,
482 890 541 953 dea
565 887 627 952 luit
650 889 760 968 pupuli
784 889 1000 954 antecedentis
1023 890 1052 953 ei
1075 889 1130 969 qui
1145 889 1293 968 Matrem,
1318 886 1475 966 Cererem,
1501 887 1581 951 Dia-

406 1015 478 1060 nam
503 995 616 1074 coluit;
646 1015 738 1076 quem
762 997 914 1076 populum
938 995 1055 1060 ibidem
1084 995 1139 1059 ubi
1163 1013 1254 1075 apem
1279 997 1368 1060 deam
1400 995 1581 1060 invenimus

406 1103 494 1167 etin
518 1103 601 1168 Asia
624 1104 656 1166 et
679 1103 710 1166 in
740 1103 851 1168 insulis
887 1109 919 1167 et
952 1103 984 1167 in
1022 1101 1179 1169 Graeciae
1211 1121 1285 1167 orae
1319 1101 1464 1183 partibus
1490 1102 1583 1167 habi-

406 1214 491 1274 tasse
515 1229 532 1274 e
555 1209 710 1275 localibus
734 1209 912 1275 nominibus
936 1216 971 1274 ut
994 1211 1137 1290 exemplo
1170 1214 1244 1275 utar
1278 1210 1310 1274 in
1339 1229 1451 1284 -essos
1485 1211 1582 1275 -issos

405 1317 596 1382 exeuntibus
631 1318 710 1382 satis
745 1321 871 1383 constat
906 1337 944 1384 sc
978 1318 1084 1384 nescio
1119 1338 1159 1382 an
1190 1314 1315 1397 μέλισσα
1338 1336 1450 1383 nomen
1474 1317 1582 1400 ipsum

406 1425 481 1491 huic
502 1426 620 1507 populo
645 1425 808 1490 debeatur.
856 1427 1016 1506 Aequod
1040 1430 1152 1492 contra
1176 1419 1257 1492 dicis
1281 1426 1358 1490 alibi
1374 1444 1501 1509 quoqne
1526 1425 1582 1490 ubi

406 1532 460 1596 ille
496 1533 632 1613 populus
668 1552 839 1614 numquam
874 1533 1087 1598 habitavisset
1121 1553 1211 1613 apem
1247 1538 1408 1614 tamquam
1438 1534 1580 1599 divinum

406 1659 521 1704 numen
551 1639 669 1705 fabulis
698 1640 887 1723 quibusdam
921 1641 1070 1705 insertam
1101 1659 1179 1716 esse,
1206 1641 1264 1706 hoc
1288 1660 1479 1724 quamquam
1503 1659 1580 1706 con-

407 1748 494 1827 cedo,
518 1750 625 1812 tamen
649 1752 761 1814 contra
791 1765 828 1812 ea
857 1765 938 1827 quae
967 1747 1104 1812 assecuti
1132 1767 1240 1813 sumus
1271 1748 1302 1813 id
1327 1767 1389 1814 non
1414 1747 1519 1814 lacere
1544 1753 1582 1813 ut

405 1853 583 1934 intellegas,
608 1855 700 1921 brevi
724 1855 796 1919 illas
820 1853 947 1920 fabulas
970 1854 1173 1935 percensebo.

514 1981 566 2045 Ac
589 1980 724 2060 primum
747 1979 872 2062 quidem
898 1983 1005 2044 exstat
1028 1981 1096 2060 apis
1121 1981 1177 2044 illa
1200 2000 1283 2063 quae
1299 1981 1382 2046 inter
1406 1981 1578 2063 nympham

407 2089 439 2150 et
473 2087 634 2151 Rhoecum
670 2105 762 2167 quem
797 2088 853 2151 illa
886 2087 918 2150 in
955 2087 1074 2152 deliciis
1098 2087 1206 2163 habet,
1244 2088 1316 2153 dum
1341 2087 1434 2152 fidem
1459 2093 1579 2167 servat,

407 2193 509 2257 nuntii
538 2194 607 2257 vice
637 2193 782 2274 fungitur
810 2191 1328 2275 (111101.Α11011.Ρ111111.11477).
1380 2193 1444 2260 Sed
1473 2215 1581 2276 quam·

406 2318 500 2380 quam
525 2303 638 2381 poetae
661 2300 852 2381 quicumque
875 2308 997 2366 castam
1021 2302 1188 2366 bestiolam
1213 2303 1296 2366 inter
1312 2308 1418 2368 castos
1435 2308 1580 2367 amantes

407 2407 464 2472 has
489 2413 596 2488 partes
620 2413 766 2488 agentem
790 2409 1004 2490 pulcherrime
1029 2408 1117 2489 facit,
1142 2409 1312 2473 maximam
1329 2409 1483 2474 habemus
1507 2429 1578 2491 gra-

513 2603 537 2663 *l
556 2602 627 2655 Non
641 2607 693 2656 est
706 2603 869 2656 Melissus
883 2605 970 2657 deus.
986 2603 1114 2657 Melissus
1127 2604 1195 2656 enim
1210 2603 1274 2656 Idae
1287 2607 1363 2670 pater
1378 2601 1429 2668 (St.
1443 2603 1488 2668 Β.)
1502 2621 1580 2671 quem

408 2693 497 2746 Maass
520 2694 644 2760 opinatur
666 2693 775 2747 haerere
803 2695 828 2746 in
854 2693 948 2747 Troica
972 2693 1062 2747 fabula
1086 2693 1205 2759 (Griech.
1231 2711 1256 2746 u.
1278 2691 1348 2746 Sem.
1368 2693 1418 2747 anf
1438 2696 1462 2746 d.
1483 2695 1578 2747 Isthm.

406 2803 431 2853 p.
451 2785 497 2848 46)
517 2802 569 2838 non
589 2785 708 2837 diversus
727 2787 769 2836 est
788 2786 820 2836 ab
840 2784 885 2837 illo
905 2801 982 2851 quern
1001 2782 1080 2836 finxit
1093 2784 1303 2852 mythographus
1317 2785 1405 2837 nescio
1425 2785 1483 2851 quis
1501 2801 1579 2851 prag-

406 2874 519 2927 maticus
538 2873 664 2926 Melisseo
684 2870 798 2938 Cretico,
818 2873 863 2939 qui
882 2873 949 2925 idem
970 2875 1039 2940 apud
1058 2872 1182 2940 Apollod.
1203 2873 1282 2940 11‚5
1302 2872 1450 2926 Adrasteae
1469 2877 1497 2927 et
1516 2873 1579 2926 Idae

406 2967 483 3030 pater
501 2963 653 3015 nominatur
673 2961 771 3014 honore
790 2962 835 3014 111ο
860 2965 1000 3029 propterea
1028 2966 1133 3014 tantum
1158 2962 1255 3029 dignus
1279 2963 1410 3016 iudicatus
1434 2965 1502 3029 quod
1525 2961 1581 3015 filia

406 3069 537 3105 unacum
559 3052 612 3104 illis
631 3051 727 3104 Jovem
754 3051 884 3104 infantem
909 3051 997 3103 nutrit
1042 3051 1093 3104 ule
1117 3056 1206 3104 autem
1237 3051 1363 3104 Melissus
1389 3068 1466 3118 quem
1489 3052 1579 3105 Maass

407 3159 431 3208 p.
451 3142 485 3194 65
506 3140 554 3194 Cei
583 3141 611 3193 in
639 3140 726 3193 insula
745 3139 864 3192 Aristaei
893 3157 980 3207 parem
1002 3156 1059 3193 csse
1083 3140 1220 3193 contendit
1243 3140 1324 3205 (mnf
1346 3141 1421 3194 Keos
1444 3143 1483 3194 als
1503 3138 1579 3194 Orts·

406 3235 467 3298 gott
485 3232 570 3284 neben
590 3230 715 3284 Aristius
734 3229 837 3290 steht“)
860 3246 931 3282 merc
952 3229 1031 3283 fictus
1059 3233 1101 3282 est
1120 3247 1150 3282 ac
1169 3247 1202 3282 ne
1221 3230 1443 3297 amythographo
1465 3231 1578 3297 quidem,

406 3323 452 3374 sed
477 3321 568 3374 Maass
591 3321 647 3387 ipse
673 3336 732 3372 eum
756 3318 863 3372 efficere
882 3321 974 3372 studet
997 3335 1029 3372 ex
1052 3319 1222 3386 inscriptione
1247 3319 1286 3382 (J.
1301 3319 1334 3372 G.
1349 3319 1407 3372 XII
1420 3320 1455 3388 bl,
1482 3337 1534 3386 qua
1552 3321 1578 3372 in

406 3411 579 3478 inscriptione
598 3427 650 3462 uno
670 3413 762 3462 tencre
781 3413 955 3462 numerantur
975 3403 1006 3473 ἐμ
1025 3403 1173 3457 dictitabat
1202 3408 1263 3474 (sic)
1293 3405 1324 3473 ἐμ
1348 3404 1579 3475 Προβαλινθοΰντι

407 3494 434 3548 ἐν
448 3496 544 3562 'Anaia
570 3498 623 3552 Sed
637 3499 701 3551 licet
716 3499 774 3552 vico
793 3498 833 3550 illi
847 3514 941 3551 nomen
964 3497 1047 3550 fuerit
1061 3492 1191 3551 Alcinoum
1204 3516 1234 3551 ac
1253 3515 1306 3550 non
1321 3493 1472 3546 Ms'llbuuov
1489 3499 1579 3563 (immo

406 3591 548 3657 legendum
568 3605 626 3642 esse
645 3581 785 3649 arethae
805 3586 881 3654 puto)
910 3603 962 3640 non
981 3587 1044 3640 licet
1063 3588 1120 3641 sine
1139 3587 1293 3654 ambagibus
1307 3589 1367 3640 inde
1379 3586 1481 3654 fingere
1500 3587 1580 3640 heroa

406 3696 484 3746 quem
503 3680 596 3732 dicunt
614 3695 781 3745 epcnymum,
802 3678 898 3730 nedum
918 3679 1004 3731 deum.
1043 3677 1139 3744 Neque
1158 3678 1246 3730 minus
1265 3676 1376 3730 infirmis
1394 3677 1504 3744 pedibus
1523 3681 1578 3729 stat

406 3769 451 3822 ille
470 3768 598 3822 Melissus
617 3785 694 3834 quem
714 3783 747 3820 ex
774 3767 853 3819 heroe
877 3784 1006 3834 eponymc
1029 3767 1081 3820 vici
1105 3765 1268 3820 Corinthiaci
1291 3769 1368 3819 deum
1391 3766 1493 3820 iactum
1521 3781 1579 3819 esse

408 3858 497 3910 Maass
516 3859 622 3910 credere
641 3873 688 3909 nos
708 3856 790 3908 iubet.
828 3855 897 3908 Nam
919 3855 1009 3908 fabula
1028 3855 1054 3908 111
1075 3872 1127 3922 qua
1146 3855 1191 3908 ille
1210 3858 1300 3921 partes
1319 3856 1376 3922 agit
1395 3855 1515 3922 quamvis
1535 3856 1579 3908 de-

407 3947 471 4000 biles
490 3949 519 4000 et
537 3949 569 3999 de
589 3962 640 4012 qua
660 3945 749 3998 Maass
768 3962 793 4012 p.
808 3946 841 3998 57
860 3961 916 4012 sqq.
936 3946 1050 4012 disserit,
1070 3949 1246 4012 quantacun
1267 3941 1375 3997 libidine
1395 3961 1409 3997 e
1428 3945 1526 3998 fabulis
1547 3946 1578 3997 de

406 4036 544 4089 Actaeone
563 4039 591 4088 et
610 4037 642 4088 de
662 4031 770 4102 Orpheo
798 4035 904 4088 traditis
934 4035 1068 4087 nonnullis
1096 4035 1174 4087 rebus
1202 4035 1286 4100 gestis
1305 4051 1321 4087 a
1340 4033 1451 4087 factioso
1472 4035 1578 4088 homine

406 4125 517 4178 intextis
536 4124 733 4192 conglomerata
751 4124 794 4191 sit,
815 4124 906 4176 Maass
926 4124 982 4190 ipse
1007 4140 1059 4176 non
1083 4123 1195 4190 ignorat.
1239 4123 1366 4177 Contenti
1389 4124 1473 4190 igitur
1497 4124 1578 4176 simus

407 4214 518 4268 Melissa
536 4217 585 4267 dea
603 4230 655 4280 qua
673 4214 696 4266 si
715 4214 741 4266 di
760 4215 854 4266 volunt
872 4213 1033 4280 explicemus
1054 4212 1191 4266 Melissum
1211 4213 1306 4266 vicum.
1345 4213 1429 4266 Immo
1458 4214 1481 4266 si
1507 4216 1578 4266 recte

405 4304 611 4358 consideraveris
630 4320 663 4357 ne
683 4319 758 4370 posse
778 4304 882 4370 quidem
902 4319 960 4356 esse
980 4303 1118 4356 Melissum
1138 4305 1214 4356 deum
1244 4303 1372 4357 Melissae
1399 4305 1464 4356 deae
1489 4317 1578 4369 parem

406 4395 533 4449 invenies
570 4394 666 4461 Neque
685 4395 755 4447 enim
773 4397 837 4447 sunt
854 4409 917 4461 apes
937 4407 1034 4457 mares;
1054 4409 1138 4448 mares
1157 4397 1221 4446 sunt
1241 4393 1304 4462 fuci,
1324 4393 1370 4462 qui
1383 4409 1448 4460 quos
1462 4391 1577 4446 colamus

406 4488 541 4556 tamquam
560 4485 622 4539 deos
641 4483 749 4539 minime
770 4487 833 4538 sunt
852 4483 933 4553 digni.
