3384 5134
778 305 999 367 ..52-

298 480 374 548 talis
400 485 472 548 est.
491 481 576 564 apud
600 481 744 547 Isthmon
780 500 861 547 anus
895 481 1051 564 quaedam
1080 479 1205 545 nomine
1228 479 1361 544 Melissa
1385 476 1470 544 sarit.

300 591 384 656 hauc
409 589 506 657 Ceres
531 608 692 654 sacrorum
709 608 837 655 suorum
854 607 924 654 cum
941 590 1065 653 secreta
1081 587 1248 667 docuisset,
1267 586 1471 652 interminata

299 701 357 776 est,
381 699 495 762 necui
519 715 664 778 eaquae
693 697 854 762 didicisset
878 695 1025 776 aperiret,
1054 697 1110 759 sed
1134 713 1205 760 cum
1235 695 1274 760 ad
1303 713 1371 759 eam
1405 714 1470 759 rnu-

298 806 392 870 lieres
417 806 636 884 accessissent,
662 809 698 870 ut
721 804 762 869 ab
787 823 825 868 ea
848 804 949 884 primo
973 803 1199 868 blandimentis
1227 813 1300 882 post
1324 803 1471 882 precibus

298 915 331 977 et
354 913 504 993 praemiis
533 913 692 990 elicerent,
729 914 764 975 ut
799 910 860 976 sibi
884 930 903 976 a
926 909 1042 977 Cerere
1072 910 1238 975 commissu
1261 909 1470 991 patefaceret,

300 1024 397 1102 atque
420 1020 452 1084 in
475 1019 601 1085 silentio
635 1021 833 1100 perduraret,
868 1019 907 1083 ab
940 1019 1055 1083 eisdem
1085 1017 1176 1082 iratis
1200 1017 1384 1082 mulieribus
1409 1017 1470 1082 dis·

298 1131 409 1208 eerpta
432 1131 503 1192 est.
524 1146 618 1208 quam
642 1146 707 1191 rem
733 1124 830 1193 (lares
853 1126 984 1190 inmissa
1007 1129 1073 1189 tam
1102 1143 1199 1205 supra
1227 1125 1322 1190 dictis
1346 1123 1471 1189 feminis

299 1253 394 1315 quarn
418 1236 536 1316 populo
560 1235 628 1298 eius
652 1234 791 1314 regionis
807 1233 995 1314 pestilentia
1011 1233 1080 1296 ulta
1103 1237 1165 1308 est;
1192 1233 1231 1296 de
1247 1250 1379 1312 corpore
1395 1251 1471 1297 uero

298 1342 450 1407 Melissae
475 1361 551 1423 apes
575 1341 663 1406 nasci
687 1340 773 1406 feeit.
821 1341 938 1406 Latino
962 1343 1067 1406 autem
1091 1336 1216 1418 μέλισσα
1241 1340 1310 1420 apis
1334 1338 1469 1404 dieitur'.

405 1467 490 1551 Quid
513 1467 574 1532 hae
599 1463 733 1546 μέλισσαι
758 1467 797 1530 ad
821 1463 991 1532 Cererem?
1037 1462 1118 1546 Spes
1143 1469 1192 1530 est
1215 1465 1275 1530 hoc
1292 1483 1348 1530 nos
1364 1465 1470 1546 cogni·

297 1577 386 1640 turos
420 1575 448 1640 si
483 1574 573 1655 prius
609 1573 877 1654 disputaverimus
916 1574 956 1637 de
991 1573 1175 1638 Eleusiniae
1209 1573 1310 1653 ipsius
1345 1571 1471 1639 Cereris

299 1682 429 1764 origine.

411 1789 530 1870 Opinio
555 1788 617 1854 luit
632 1789 819 1854 Eleusinem
836 1807 904 1853 esse
929 1787 1047 1852 ‘urbem
1072 1784 1239 1852 adventus'
1256 1789 1469 1853 Eleusiniam-

298 1917 361 1979 que
385 1898 425 1962 ab
450 1897 529 1962 urbe
552 1915 666 1962 nomen
690 1897 815 1961 ducere.
865 1896 959 1980 Quod
974 1898 1107 1976 propter
1128 1901 1140 1958 i
1163 1896 1290 1976 longam
1314 1894 1383 1960 fieri
1407 1914 1469 1961 non

296 2008 411 2086 potest.

403 2113 482 2179 Post
505 2131 543 2178 ea
567 2130 649 2194 quae
666 2113 720 2176 W.
738 2109 875 2177 Sebnlne
898 2112 931 2176 in
956 2113 1071 2192 quaest
1094 2131 1143 2192 ep.
1160 2131 1192 2192 p.
1210 2117 1274 2176 259
1292 2131 1361 2194 sqq.
1386 2131 1469 2178 oom-

297 2219 455 2300 probavit,
481 2216 628 2277 Εἰλείθυια
651 2238 765 2284 nomen
789 2237 850 2283 non
874 2219 936 2282 iam
960 2219 1103 2299 separari
1126 2222 1232 2298 potest
1256 2219 1296 2283 ab
1310 2216 1468 2300 Ἐλειθσὶη,

295 2325 441 2399 ’Electra
464 2324 632 2398 Ἔλεοθυία,
654 2323 792 2385 ’Eteocle
816 2331 848 2392 et
872 2327 1116 2406 qualiacumpue
1144 2331 1219 2391 sunt
1253 2328 1379 2392 nomina
1403 2329 1470 2392 eius

298 2435 376 2500 deae
400 2454 482 2516 quae
506 2436 562 2498 aut
584 2453 642 2514 per
665 2451 699 2497 se
722 2434 837 2499 colitur
861 2437 917 2498 ant
940 2433 1129 2499 attributive
1152 2453 1222 2499 oum
1247 2433 1362 2500 Cerere
1397 2454 1468 2500 con·

296 2542 450 2622 iungitur.
481 2541 572 2604 Illius
590 2543 694 2606 autem
711 2541 863 2623 Ilithyiae
880 2540 985 2605 omnia
1001 2540 1139 2620 vestigia
1164 2560 1181 2604 e
1205 2539 1301 2606 Creta
1317 2542 1468 2622 originem

298 2649 427 2712 ducunt.
475 2647 543 2712 Iam
568 2648 600 2711 in
626 2645 687 2713 Od.
704 2647 799 2712 XIX
818 2653 879 2712 188
905 2646 1002 2714 Creta
1026 2649 1099 2712 sede
1123 2648 1239 2713 utitur:

457 2751 487 2812 ἐν
509 2751 650 2835 Ἀμνισῷ,
675 2750 721 2812 ὅθι
746 2773 777 2813 τε
802 2753 888 2820 σπέος
911 2751 1086 2834 Εἰλειθυίης,

296 2863 351 2928 ubi
367 2863 531 2943 antiquum
548 2863 686 2927 eiusdem
704 2863 781 2926 deae
801 2881 926 2928 sacrum
943 2881 1012 2927 esse
1031 2861 1123 2928 testis
1139 2869 1188 2930 est
1204 2861 1320 2930 Strabo
1344 2867 1381 2929 X
1405 2873 1468 2931 476

297 2966 394 3047 (Μίνω
418 2965 448 3027 δέ
473 2989 558 3052 φασιν
583 2965 693 3050 ἐπινείῳ
717 2966 885 3051 χρήσασθαι
907 2971 950 3050 τῷ
971 2966 1109 3051 Ἀμνισῷ,
1135 2967 1201 3030 ὅπου
1225 2969 1256 3030 τὸ
1289 2979 1344 3054 τῆς
1376 2972 1468 3034 Εἰλει-

296 3075 379 3142 θυίας
407 3075 479 3158 ἱερόν
509 3076 550 3141 cf,
574 3075 828 3157 Paus‚118‚5:
860 3071 976 3159 Κρῆτες
1004 3071 1036 3135 δὲ
1064 3077 1164 3162 χώρας
1193 3084 1247 3161 τῆς
1275 3075 1409 3148 Κνωσίας
1439 3079 1468 3140 ἐν

294 3180 425 3264 Ἀμνισῷ
446 3181 581 3264 γενέσθαι
609 3182 772 3264 νομίζουσιν
803 3180 981 3262 Εἰλείθυιαν;
1019 3188 1128 3250 eadem
1164 3188 1250 3252 Inati
1284 3189 1316 3252 in
1352 3190 1468 3270 oppido

297 3290 413 3358 Cretae
448 3291 671 3357 celebrabatur
703 3288 758 3372 (cl.
781 3288 827 3354 St.
845 3293 883 3355 B.
900 3312 924 3356 s.
948 3287 1079 3374 Ε’ίνατος)
1111 3314 1214 3377 neque
1247 3293 1469 3362 observatione

297 3403 344 3464 est
361 3399 524 3479 iudignum
542 3401 626 3481 quod
645 3402 786 3464 veterum
808 3399 1046 3466 simulacrorum
1063 3402 1214 3486 llithyiae
1230 3421 1313 3484 quae
1329 3405 1468 3470 Athenis

297 3506 427 3570 fuerunt
451 3507 512 3571 duo
536 3508 633 3570 Paus.
659 3505 737 3570 dicit
760 3525 777 3571 e
801 3504 909 3586 Creta,
934 3527 1030 3571 unnm
1054 3508 1135 3573 Delo
1160 3510 1234 3574 oriri
1258 3507 1291 3584 (l.
1310 3511 1370 3587 c.);
1402 3531 1467 3576 ma·

297 3612 449 3678 nifestum
473 3613 555 3678 enim
579 3633 646 3677 eam
671 3612 746 3678 Deli
771 3631 897 3694 quoque
920 3615 1037 3680 cultam
1063 3635 1141 3695 esse,
1167 3618 1315 3698 quoniam
1338 3617 1383 3682 ibi
1407 3621 1468 3683 duo

296 3721 508 3802 potentissimi
533 3722 564 3785 di
588 3719 717 3786 summis
742 3740 812 3786 cum
836 3721 999 3788 laboribus
1029 3724 1098 3788 nati
1121 3729 1212 3807 sunt,
1241 3728 1296 3790 sed
1320 3726 1371 3792 vel
1395 3727 1468 3791 inde

296 3830 381 3911 qnod
406 3829 567 3909 Apollinis
591 3836 623 3894 et
648 3827 773 3894 Dianae
797 3834 885 3896 ortus
909 3833 1088 3896 necessario
1105 3831 1179 3896 Deli
1203 3834 1386 3914 collocatur,
1412 3853 1466 3915 ap·

296 3937 388 4015 paret
424 3936 508 3999 hunc
543 3937 695 4020 Ilithyiae
730 3935 851 4001 cultum
886 3957 949 4003 non
985 3956 1054 4003 esse
1077 3939 1270 4019 primarium.
1318 3937 1378 4005 Sed
1404 3943 1468 4007 alia

297 4061 423 4126 quoque
448 4047 544 4126 atque
576 4064 613 4110 ea
641 4045 694 4110 via
728 4063 811 4128 quae
834 4046 950 4111 Delum
974 4047 1110 4110 insulam
1134 4048 1239 4125 aenou
1262 4049 1322 4112 dea
1345 4049 1400 4113 illa
1426 4085 1466 4093 —

296 4151 442 4234 quamvis
466 4153 566 4216 altero
590 4171 646 4218 suo
670 4153 795 4217 nomine
820 4155 982 4233 appellata
1007 4155 1103 4218 -in
1128 4156 1340 4220 continentem
1366 4155 1466 4222 Grae·

296 4277 364 4323 eam
389 4259 572 4340 pervenisse
595 4261 731 4338 videtur,
756 4266 846 4325 trans
862 4262 1114 4342 Peloponnesum
1140 4263 1217 4327 dieo.
1267 4262 1358 4346 Quod
1384 4265 1466 4328 enim

297 4366 459 4446 Hippolae
475 4367 507 4430 in
525 4367 721 4432 dedicatione
735 4365 874 4428 Έλεσθία
892 4369 1071 4433 nominatur
1089 4368 1183 4448 (Ath.
1199 4370 1316 4434 Mitti
1333 4390 1363 4451 p.
1380 4377 1466 4450 loa),

297 4474 433 4566 Spartae
453 4471 592 4532 ’Eteocle
617 4476 775 4554 illittenb,
794 4477 872 4559 Syll.
888 4471 900 4510 2
918 4475 1005 4556 ⁴259),
1031 4479 1114 4562 quod
1139 4475 1280 4562 Δημήτηρ
1301 4473 1465 4538 'Eacaceia
