3384 5134
702 305 922 368 -19-

235 485 287 570 τὴν
311 485 409 571 χώραν
428 482 616 567 Ἀμαλθείας
638 480 726 566 κέρας
749 480 946 564 ὀνομασθῆναι
964 527 971 540 .
987 477 1029 540 oo
1053 477 1099 538 aori
1121 474 1187 546 τοὺς
1206 473 1411 560 μεταγενεστέ·

237 615 301 678 ρους
325 593 492 677 ἀνθρώπους
515 589 560 650 θοοὶ
583 588 635 673 τὴν
659 587 865 680 προρρημένην
894 586 986 648 αἰτίαν
1015 585 1071 668 τὴν
1104 585 1256 670 κρατίστην
1285 591 1337 668 γῆν
1365 583 1413 646 καὶ

235 699 420 768 παντοδαποῖς
443 705 559 784 καρποῖς
583 696 751 779 πλήθουσαν
775 694 914 765 ὡσαύτως
938 692 1120 777 Ἀμαλθείας
1153 692 1241 778 κέρας
1274 714 1411 779 προσαρα-

236 808 336 892 ρεύεῑν.
370 809 431 877 Cui
447 808 571 874 etiamsi
595 808 741 874 concedis
757 807 813 872 illa
829 808 935 871 aetate
951 808 1057 870 certas
1075 803 1220 884 regiones
1236 801 1411 884 frugiferas

212 903 213 910 θ
236 919 455 984 nominatas
479 934 548 981 esse
573 911 756 995 Ἀμαλθείας
778 910 875 996 κέρας,
908 913 960 978 hic
983 931 1059 977 usus
1083 931 1102 976 a
1125 910 1295 992 principali
1317 912 1412 993 louge

236 1005 358 1090 alieirus
383 1027 415 1088 et
438 1022 657 1106 comparativo
681 1024 806 1086 tantum
829 1019 1014 1103 Phccylidis
1045 1020 1129 1084 dicto
1162 1019 1194 1083 in
1218 1037 1284 1084 rem
1307 1018 1412 1101 ipsam

236 1133 393 1198 translato
419 1133 508 1198 ortus
531 1134 589 1195 est.
637 1130 711 1195 Hac
743 1133 848 1194 autam
872 1147 906 1193 re
929 1126 1035 1192 differt
1060 1123 1248 1207 Amaltheae
1271 1145 1369 1193 cornu
1393 1146 1412 1190 a

235 1239 390 1304 similibus
415 1242 593 1304 ceterarum
620 1237 762 1317 gentium
785 1235 1011 1315 instrumentis,
1047 1235 1131 1317 qnod
1160 1235 1245 1316 apud
1269 1233 1411 1300 Graecos

236 1366 427 1429 quamquam
444 1347 587 1412 homines
611 1364 737 1428 quoque
754 1363 852 1410 cornu
868 1343 947 1408 illud
964 1345 1021 1407 aut
1043 1341 1161 1407 habere
1186 1347 1242 1407 aut
1264 1360 1412 1407 recusare

235 1473 346 1537 posse
370 1455 516 1532 vidimus,
554 1453 675 1518 habent
710 1455 835 1518 tantum
868 1451 1080 1530 immortales3
1114 1469 1177 1532 qua
1200 1469 1235 1514 re
1259 1451 1412 1516 statima

236 1563 363 1642 propria
396 1580 454 1626 sua
478 1559 512 1624 vi
536 1561 582 1624 ita
606 1559 738 1639 decedit,
769 1562 805 1623 ut
835 1562 997 1640 tamquam
1026 1557 1150 1638 insigne
1175 1556 1232 1622 fiat
1255 1557 1411 1623 ubertatis

236 1687 273 1732 ac
308 1653 517 1748 benignitatis
553 1667 621 1731 eius
656 1667 711 1748 qui
745 1669 833 1730 tanet
851 1685 857 1728 :
878 1683 951 1730 nam
987 1664 1128 1729 homiues
1151 1664 1225 1728 inde
1248 1664 1410 1744 hauriunt,

237 1775 377 1840 fundunt
403 1775 444 1839 di.

341 1901 444 1965 'Ienet
468 1899 566 1980 igitur
588 1917 686 1964 cornu
709 1898 789 1962 illud
812 1897 864 1961 val
889 1897 1017 1962 saeculo
1041 1898 1102 1962 VI.
1127 1897 1272 1963 Fortuna
1296 1897 1408 1978 (Paus.

236 2007 286 2072 IV
304 2005 368 2088 30),
392 2010 479 2072 tenet
503 2007 663 2072 Hercules
691 2041 724 2051 ω
754 2007 837 2069 unde
872 2023 970 2070 cornu
1005 2005 1085 2069 illud
1118 2003 1335 2086 praefractum
1370 2007 1410 2071 ad

236 2115 420 2194 Herculem,
445 2113 643 2195 quaerebant
658 2113 800 2178 homines
824 2113 879 2195 qui
903 2113 1028 2176 statuas
1052 2112 1119 2176 eius
1143 2111 1217 2176 inde
1241 2131 1261 2176 a
1285 2115 1411 2178 sacculo

235 2223 276 2285 V.
303 2241 401 2288 cornu
425 2222 535 2303 copiae
552 2223 726 2286 instructas
742 2219 914 2296 videbant;
944 2220 1022 2285 vicit
1038 2221 1216 2286 Acheloum
1236 2217 1408 2304 βούπρωρον,

236 2330 287 2394 eui
311 2349 409 2394 cornu
432 2327 602 2411 praelegit,
628 2329 798 2410 respondet
827 2327 996 2410 quispiam.
1043 2328 1159 2409 itaque
1192 2328 1339 2412 quamvis
1362 2348 1410 2392 re·

236 2443 345 2502 canter
381 2437 437 2502 illa
472 2435 584 2502 fabula
620 2437 659 2501 de
694 2435 832 2501 Acheloi
864 2435 1037 2501 certamine
1070 2438 1202 2501 narrata
1224 2436 1258 2500 in
1281 2437 1412 2502 Aetolia

236 2547 392 2612 collocata
416 2546 467 2619 sit,
492 2545 650 2610 recentius
674 2543 750 2610 ficta
774 2546 823 2608 est
846 2543 926 2608 haee
941 2544 1183 2609 narratiuncula
1206 2563 1291 2608 mere
1315 2545 1411 2609 aetio-

235 2655 349 2734 logioa
375 2672 447 2717 nam
475 2648 638 2733 βούπρωροτ
661 2655 711 2716 est
735 2649 861 2730 fluvius,
879 2669 941 2715 non
960 2648 1119 2716 Oceanus.
1167 2646 1282 2734 Itaque
1306 2655 1412 2716 utrum

237 2761 347 2826 dicant
382 2759 519 2825 Acheloi
554 2777 650 2825 cornu
687 2758 788 2839 ipsius
812 2777 831 2822 a
854 2758 996 2824 Hercule
1019 2759 1120 2824 teneri
1156 2757 1233 2838 (Ov.
1259 2764 1332 2824 met.
1358 2755 1412 2824 IX

238 2875 278 2932 85
302 2887 372 2950 sqq.
397 2867 486 2948 Hyg.
512 2865 578 2930 fab.
604 2873 656 2930 31.
683 2865 835 2931 Philostr.
861 2866 925 2928 iun.
954 2862 985 2946 4)
1028 2885 1069 2930 an
1098 2885 1197 2932 cornu
1221 2863 1412 2932 Amaltheae

235 2975 318 3038 idem
353 2992 423 3038 esse
459 2977 556 3055 atque
581 2973 718 3038 Acheloi
744 2971 852 3050 (Diod.
879 2972 930 3035 IV
949 2973 1071 3052 35,4i.
1090 2970 1116 3039 e.
1142 2974 1269 3050 Matris,
1294 2971 1412 3041 Strabo

237 3081 273 3144 X
292 3086 355 3145 458
374 3081 468 3145 Dion.
486 3076 602 3159 Chrys.
621 3080 746 3144 LXIII
765 3083 796 3154 7)
814 3099 854 3142 an
872 3080 1051 3146 Acheloum
1068 3081 1202 3146 Herculi
1219 3082 1412 3147 Amaltheae

236 3206 335 3253 cornu
370 3187 505 3266 dedisse,
544 3191 579 3250 ut
613 3205 703 3251 sunm
736 3191 941 3268 recuperaret
973 3184 1122 3270 (Pherae.
1141 3187 1178 3253 fr.
1196 3195 1236 3253 37
1254 3187 1353 3255 schol.
1371 3187 1411 3253 Il.

237 3295 329 3359 XXI
350 3291 425 3374 194)
449 3328 492 3336 -
517 3294 558 3357 ad
582 3312 639 3358 uos
663 3312 724 3358 non
748 3294 890 3375 pertinet
914 3294 1023 3358 hilum.
1070 3296 1144 3361 Hoc
1174 3295 1236 3360 iam
1261 3295 1410 3360 videbis:

236 3403 307 3484 quis
331 3400 429 3465 fuerit
453 3402 650 3466 Fortunatus
675 3407 710 3465 ut
734 3401 938 3465 eFortunati
962 3403 1088 3468 saeculo
1112 3421 1174 3466 non
1191 3404 1411 3484 comperimus

236 3526 306 3572 cum
331 3507 383 3573 hic
406 3508 472 3572 illic
496 3513 652 3573 terrarum
677 3508 822 3573 sacculus
847 3513 1011 3588 appareat,
1036 3509 1082 3574 ita
1107 3509 1147 3573 de
1170 3509 1346 3575 Amalthea
1369 3530 1412 3574 ex

236 3615 431 3680 Amaltheae
448 3635 546 3682 cornu
570 3615 647 3679 nihil
667 3615 825 3679 discimus.
873 3615 981 3681 Unum
997 3616 1059 3682 hoc
1074 3617 1149 3680 licet
1165 3635 1182 3679 e
1199 3618 1411 3682 monumentis

236 3723 388 3804 augurari
405 3722 602 3789 Cretensium
627 3722 659 3785 in
683 3740 742 3786 usu
767 3739 882 3787 cornus
898 3722 962 3786 vim
983 3741 1078 3805 quam
1094 3725 1195 3788 statui
1217 3724 1411 3811 primitivam

234 3830 296 3894 iam
329 3831 521 3911 Mycenaica
554 3850 649 3912 quam
685 3833 802 3894 vocant
827 3833 934 3894 aetate
959 3829 1068 3910 fuisse,
1093 3831 1126 3896 id
1149 3833 1232 3914 quod
1257 3851 1413 3912 apparere

236 3938 364 4002 videtur
398 3937 431 4002 in
467 3957 505 4002 aa
540 3957 616 4003 arca
653 3955 736 4018 quae
771 3937 898 4018 Hagiae
923 3938 1061 4002 Triadac
1084 3939 1216 4004 inventa
1239 3943 1288 4004 est
1312 3941 1354 4006 ci.
1379 3960 1411 4004 ν.

236 4045 344 4126 Duhn,
379 4041 477 4111 Aroh.
503 4045 526 4110 f.
552 4043 693 4110 Rei-W.
720 4043 789 4109 VII
812 4064 843 4126 p.
869 4052 951 4109 269:
990 4045 1324 4126 „Zusammenfalleud
1356 4048 1413 4113 mit

235 4154 290 4216 der
314 4161 467 4217 ausseren
484 4153 712 4219 Vorderkante
736 4154 839 4216 dieses
866 4151 1019 4232 „Altars“
1046 4144 1155 4220 trennt
1178 4155 1249 4220 eine
1272 4156 1412 4220 vertikal

235 4259 284 4323 die
307 4278 410 4340 ganza
429 4259 607 4324 Biloflaehe
630 4260 944 4325 durchschnaidande
962 4261 1168 4326 Wellenlinia
1193 4264 1253 4327 deu
1277 4262 1412 4326 weissen

234 4363 350 4431 Grund
385 4385 448 4430 ron
483 4367 582 4431 einam
619 4367 735 4432 blauen
770 4367 1024 4449 Hintargrunde,
1061 4388 1124 4434 vou
1159 4370 1235 4435 dem‘
1253 4369 1322 4434 sich
1345 4367 1413 4432 drei

233 4473 414 4540 mannliche
454 4473 625 4540 Gestalten
663 4474 895 4555 wir-hungsvoll
935 4474 1089 4555 ahhehen,
1132 4478 1182 4541 die
1220 4495 1282 4540 von
1326 4474 1412 4539 liniis
