3384 5134
682 327 879 386 ..9.-

206 505 404 586 Reputemus
424 505 515 569 modo
539 503 719 583 adustitia
747 503 842 583 Iege,
867 501 1005 582 Pietate,
1031 522 1050 566 a
1072 500 1282 580 Necessitate,
1299 499 1381 564 Fato

208 632 275 677 eam
301 611 508 685 circumdari3
534 614 718 691 reputemus
741 609 819 692 quid
842 611 882 675 de
905 629 942 674 ea
965 609 1169 689 paedicetur:
1205 603 1284 666 ὥστε
1307 612 1380 672 παν-

209 740 262 786 τας
286 715 466 801 ἐπιστρέφειν
488 715 531 784 ἐίς
554 713 642 796 αὐτὴν
668 712 733 784 τοὺς
747 714 842 784 θεοὺς.
889 717 1002 800 Neque
1025 718 1110 801 quod
1126 711 1190 796 ’Ίδη
1214 735 1303 781 soror
1326 732 1381 795 ap·

207 828 354 908 pellatur,
391 827 430 890 de
464 825 626 889 mundana
660 824 727 889 eius
762 826 892 890 notione
917 825 1089 907 quidquam
1116 823 1271 898 detrahit3
1308 841 1381 887 nam

207 933 292 997 illam
319 951 446 1015 quoque
470 931 640 1011 allegorice
663 965 706 974 —
732 936 767 996 ut
791 933 838 997 ita
863 933 964 997 dicam
984 930 1185 1010 -intellegi
1207 930 1282 995 hinc
1305 929 1382 994 mihi

212 1058 368 1121 apparere
391 1039 531 1116 videtur,
556 1039 640 1119 quod
658 1031 724 1120 Ἵδη
749 1035 862 1119 εὐειδής
885 1039 954 1104 sine
978 1037 1073 1104 dubio
1102 1037 1269 1102 verborum
1294 1037 1382 1101 lusus

208 1152 266 1224 est,
293 1182 333 1190 —
359 1145 457 1230 (quod
481 1145 581 1228 igitur
603 1147 636 1210 in
653 1141 717 1226 Ἴδη
742 1143 804 1205 ἰδέα
832 1151 889 1212 aut
916 1147 982 1211 tale
1010 1146 1087 1228 quid
1116 1141 1258 1225 assonat)
1283 1179 1324 1187 -
1349 1144 1381 1208 id

211 1255 295 1336 quod
320 1259 394 1319 ante
418 1271 501 1319 saec.
526 1253 590 1320 III.
616 1253 683 1318 fieri
708 1255 795 1320 nullo
820 1253 910 1320 modo
929 1254 1070 1336 potuisse
1094 1253 1156 1318 iam
1180 1272 1278 1334 supra
1301 1271 1382 1318 com-

208 1361 392 1436 memoravi;
427 1361 541 1426 deinde
565 1361 640 1427 hino
663 1363 748 1444 quod
771 1362 948 1426 Amalthea
970 1365 1132 1443 tamquam
1162 1361 1202 1425 ad
1231 1360 1383 1425 desidiam

209 1468 385 1534 adducitur.
442 1468 524 1534 Nam
560 1466 737 1548 Orphicum
772 1468 860 1534 illum
896 1468 1052 1534 hominem
1090 1468 1201 1532 eadem
1235 1467 1384 1532 memoria

209 1576 475 1659 mythographioa
498 1593 590 1640 usum
615 1594 684 1641 esse
709 1579 807 1658 atquo
825 1577 1057 1658 Apollodorum
1073 1575 1091 1639 I
1110 1581 1160 1654 1‚5
1180 1573 1383 1640 manifestum

209 1691 271 1749 est:
298 1682 345 1744 καί
368 1687 466 1746 τοῦτον
494 1679 546 1764 μέν
570 1681 667 1743 δίδωσι
694 1682 853 1768 τρέφεσθαι
869 1679 997 1767 Κυιίρησί
1014 1702 1046 1742 τε
1064 1681 1111 1742 καί
1125 1687 1188 1750 ταῖς
1207 1679 1384 1750 Μελισσέως

207 1790 286 1851 παισίΙ
318 1789 451 1875 νιίμραις,
483 1788 657 1874 Ἀδραστείᾳ
687 1811 719 1851 τε
755 1790 801 1852 καί
818 1787 892 1871 Ἴδη,
955 1785 1041 1850 αὗται
1072 1785 1124 1872 μέν
1152 1783 1273 1850 οὖντὸν
1299 1786 1384 1848 ταῐδα

208 1895 329 1983 ἔτρεφον
353 1901 395 1981 τῷ
416 1903 472 1980 τῆς
497 1896 680 1980 Ἀμαλθείας
702 1897 836 1980 ηάλακτι,
861 1897 884 1958 oi
907 1895 939 1958 δέ
963 1895 1115 1982 Κούρητες
1140 1893 1256 1958 ἔνοπλοι
1279 1917 1304 1957 κ.
1317 1916 1342 1956 τ.
1353 1893 1382 1956 λ.

208 2007 321 2090 Neque
348 2026 422 2072 vero
437 2007 615 2072 Amalthea
638 2027 709 2073 enm
727 2008 897 2090 quidquam
916 2007 1027 2072 iuvare
1043 2007 1158 2088 potuit.
1206 2005 1383 2088 Numquid

207 2115 239 2178 in
263 2118 354 2178 tanta
389 2115 543 2195 voragine
578 2114 784 2196 cogitationis
819 2113 973 2196 profanae
1008 2132 1126 2195 caprae
1149 2113 1200 2178 lac
1224 2114 1263 2177 ad
1289 2112 1383 2176 demi·

208 2219 347 2301 orgum?
393 2223 447 2288 Ao
469 2242 510 2286 ne
533 2221 708 2287 abstractio
726 2221 851 2305 quidem
868 2241 910 2287 ex
928 2221 1101 2286 Amalthea
1117 2219 1246 2286 fonnari
1263 2219 1384 2301 potuit;

208 2348 278 2393 nam
304 2331 344 2394 ad
360 2329 661 2411 Neoplatonicorum
686 2331 823 2412 ineptias
848 2329 902 2394 ille
930 2333 1026 2410 poeta
1042 2330 1179 2394 nondum
1196 2346 1384 2410 progressus

207 2442 290 2513 erat;
325 2439 435 2520 itaque
467 2438 499 2504 id
532 2438 618 2521 quod
650 2439 751 2502 solum
785 2438 814 2502 ei
847 2437 990 2502 restabat
1015 2436 1111 2502 fecit:
1145 2437 1276 2502 Melisso
1302 2435 1384 2501 enim

208 2545 269 2626 ipsi
294 2564 420 2628 quoquc
443 2553 592 2610 concreto
618 2545 822 2610 Amaltheam
846 2563 978 2609 uxorem
1002 2545 1099 2610 dedIt.

315 2651 375 2716 lV.
401 2653 553 2734 Apollod.
578 2654 598 2717 l.
623 2671 650 2718 o.

316 2778 356 2840 V.
388 2774 495 2843 Schol.
526 2777 622 2842 Rhas.
654 2785 728 2843 342.
788 2772 962 2859 Ἀδράστεια
986 2773 1038 2858 μέν
1064 2793 1070 2805 ’
1096 2773 1190 2840 {drame
1213 2774 1265 2857 τὴν
1303 2772 1382 2858 Ἀδρ.

209 2880 273 2950 Διός
296 2902 368 2966 ’ρησι
390 2875 486 2955 παῖδα,
511 2879 612 2942 ἀλλων
635 2881 739 2968 τροφὸν
762 2887 811 2942 τοῦ
835 2881 903 2953 Διὸς
927 2884 1104 2967 φασκόντων.
1145 2878 1260 2943 ἔστιδὲ
1284 2881 1330 2942 καί
1354 2880 1384 2942 ἐν

207 2993 245 3071 τη]
270 2987 367 3073 Καρία
387 2987 578 3073 Ἀδραστείας
606 2989 699 3050 πεδίον
729 2988 783 3050 ἀπὸ
814 2988 979 3073 Ἀδράστου
1015 2995 1063 3050 τοῦ
1094 2988 1249 3072 βασιλέως,
1280 2987 1326 3073 ἀρ’
1352 2984 1382 3049 οὗ

207 3096 254 3156 καί
277 3096 291 3156 ὁ
315 3094 434 3178 δαίμων.
483 3094 568 3157 ἄλλοι
591 3093 623 3157 δὲ
648 3094 825 3165 Μελισσέως
853 3093 905 3178 μὲν
941 3102 989 3157 τοῦ
1018 3095 1132 3181 Κρητὸς
1161 3095 1293 3182 άδελρίρν
1326 3094 1383 3156 Κυ-

207 3203 355 3289 νοσοὺρας,
370 3202 435 3272 Διὸς
447 3206 560 3289 τροφόν.
586 3203 780 3289 Καλλίμαχος
793 3203 838 3266 ’σέ
851 3203 1021 3288 δ’έκοίμισεν
1043 3203 1220 3289 Ἀδρήστεια
1237 3203 1325 3286 λίκνῳ
1345 3203 1385 3264 ένί
1434 3187 1436 3190 ¹

207 3309 340 3395 χρυσέῳ]
355 3307 420 3372 ἔνιοι
437 3309 536 3397 ἑτέραν
550 3309 602 3395 μέν
619 3310 809 3397 Ἀδράστειάν
824 3335 920 3398 φασιν,
936 3311 1035 3397 ἑτέραν
1054 3311 1084 3374 δέ
1098 3310 1224 3395 Νέμεσιν
1238 3335 1244 3346 ·
1258 3311 1312 3395 τὴν
1327 3308 1381 3394 μὲν

209 3417 345 3479 Ὠκεανοῦ
369 3441 455 3504 φασιν
480 3413 548 3482 εἶναι
564 3419 722 3505 θυγατέρα,
739 3420 792 3504 τὴν
816 3418 848 3481 δὲ
874 3419 938 3490 Διὸς
954 3399 1184 3505 ναίΔνήμητρος,
1208 3419 1385 3502 ηεννηθηναι

208 3522 239 3584 δέ
264 3523 293 3585 έν
315 3523 483 3608 Ῥαμνοῦντι
517 3533 571 3610 τῆς
604 3527 747 3610 Ἀττικῆς.
805 3527 844 3611 μη
876 3527 1048 3613 φθονήσειεν
1081 3549 1100 3610 η
1134 3525 1312 3610 Ἀδράστεια
1342 3524 1386 3586 ἐπί

207 3639 265 3700 τοῖς
287 3631 421 3718 λεχθεῖσι
444 3621 507 3720 ιτερί
529 3639 578 3696 τοῦ
597 3632 734 3720 Ἕκτορος
757 3631 777 3718 ἢ
803 3634 846 3697 ε’τιί
868 3643 926 3704 τοῖς
951 3633 1092 3718 μέλλουσι
1121 3634 1276 3719 λεχθῆναι,
1301 3632 1315 3694 ὃ
1339 3633 1386 3695 καί

209 3736 333 3821 άμεινυν.
1224 3769 1226 3774 ’

317 3850 375 3914 Vl.
400 3851 487 3916 Plut.
513 3855 636 3935 quaest.
662 3871 754 3918 conv.
783 3859 855 3929 798,
871 3856 927 3916 41:
958 3851 972 3910 ὀ
1004 3850 1103 3934 μέντοι
1130 3849 1225 3934 πατὴρ
1253 3854 1385 3910 τοσοῦτον

209 3955 306 4016 ἐπεῖπε
333 3962 391 4023 τοῖς
414 3956 582 4040 εἰρημένοις,
608 3956 648 4018 ὅτι
671 3957 797 4020 δοκοῦσιν
822 3959 901 4043 αὐτῷ
924 3959 971 4020 καί
994 3959 1018 4020 οἱ
1040 3957 1155 4020 παλαιοί
1177 3963 1225 4018 τοῦ
1250 3955 1301 4039 μέν
1319 3956 1386 4030 Διὸς

208 4060 256 4122 δύο
281 4069 369 4124 ποιεῖν
393 4062 524 4145 τιθηνοίς,
547 4063 601 4148 τὴν
615 4063 700 4148 Ἴτην
725 4066 797 4149 (sic)
820 4065 868 4128 καί
889 4065 942 4150 τὴν
968 4064 1161 4151 Ἀδράστειαν
1185 4087 1211 4126 κ.
1236 4086 1261 4127 τ.
1285 4064 1316 4126 λ.

318 4190 394 4255 VII.
419 4191 542 4274 Hygia.
568 4192 634 4258 fab.
662 4201 741 4258 182:
778 4192 900 4260 Oceani
929 4193 1014 4261 filiae
1043 4195 1180 4260 Idothea
1212 4195 1385 4259 Amalthea

210 4299 373 4364 Adrastea
398 4298 466 4372 (alii
490 4300 600 4366 dicunt
624 4301 769 4366 Melissei
792 4301 875 4367 filias
899 4301 982 4384 esse)
1005 4303 1101 4369 Jovis
1124 4302 1276 4367 nutrices.

318 4405 417 4471 VIII.
442 4406 539 4472 Prob.
564 4408 597 4472 in
623 4410 722 4488 Verg.
741 4407 859 4490 θυνος.
884 4411 902 4474 Ι
928 4415 1006 4474 205:
1032 4410 1283 4492 Haedorumque
1306 4409 1383 4474 dies.

209 4515 375 4586 Adrastea
409 4514 544 4600 capella,
580 4535 661 4604 quae
695 4516 845 4585 educavit
868 4517 985 4587 Jovom
1009 4535 1080 4586 cnm
1105 4516 1224 4600 taedia,
1262 4517 1302 4582 ob
1326 4517 1386 4591 hoo
