3384 5134
715 269 935 336 ..55-

239 471 322 536 quae
346 453 446 519 voluit
470 451 691 532 comprobavit
718 450 784 516 suis
813 450 942 516 divinae
976 449 1127 521 cultorem
1157 447 1319 514 ritualiter
1341 461 1412 530 per·

239 565 385 628 sonatum
409 563 513 642 putat,
538 561 570 624 id
594 559 679 641 quod
704 578 741 623 ea
770 576 864 638 quam
890 555 979 624 Cook
1012 557 1174 639 ignoravit
1198 557 1343 622 Theraeo
1367 556 1412 620 in·

239 669 410 750 scriptione
445 668 539 732 valde
575 666 715 732 fulcitur.
763 663 877 746 Neque
911 664 1135 730 observatione
1170 669 1219 730 est
1250 664 1413 745 iudignum

239 795 296 842 nos
319 776 364 841 eis
388 793 471 856 quae
494 793 592 855 supra
615 773 928 839 commemoravimus
943 773 1083 836 inventis
1100 771 1255 838 Cnossum
1279 771 1412 847 deduei;

239 902 343 964 neque
367 884 448 947 enirn
479 881 629 964 ilithyiae
653 881 754 946 solum
771 886 897 944 antrum
914 881 1080 960 antiquum
1104 881 1145 944 ad
1161 878 1316 945 Cnossum
1334 883 1412 957 erat,

239 992 294 1056 sed
319 991 358 1055 de
381 987 502 1056 Gnosso
526 990 622 1054 etiam
646 989 726 1055 haec
754 987 972 1053 memorabilia
1000 987 1099 1052 tradit
1131 984 1223 1052 Diod.
1249 987 1280 1050 V
1307 992 1411 1066 77,3:

239 1097 295 1177 τήν
319 1115 351 1155 τε
375 1093 441 1178 παρ’
462 1090 631 1175 Ἀθηναίοις
655 1092 685 1154 ἐν
705 1088 850 1155 Ἐλευσῖνι
866 1092 1013 1176 μνομένην
1033 1090 1159 1174 τελετὴν
1186 1091 1413 1178 ἐπιφανεστάτην

241 1200 347 1288 σχεδὸν
372 1194 458 1262 οὖσαν
483 1203 613 1276 ἁπασῶν,
638 1201 685 1262 καὶ
707 1201 759 1285 τὴν
784 1201 814 1262 ἐν
838 1201 1020 1285 Σαμοθράκῃ
1049 1200 1095 1260 καὶ
1122 1199 1175 1282 τὴν
1204 1198 1234 1260 ἐν
1259 1198 1359 1283 Θρᾴκῃ
1384 1199 1414 1260 ἐν

239 1317 297 1378 τοῖς
332 1307 456 1383 Κίκοσιν,
492 1306 558 1368 ὅθεν
583 1309 596 1368 ὁ
620 1297 793 1380 καταδείξας
812 1305 943 1394 Ὀρφεὺς
965 1300 1012 1390 ἤν,
1038 1313 1183 1390 μυστικῶς
1197 1305 1413 1392 παραδίδοσθαι,

241 1415 345 1477 καὶτὰ
369 1416 446 1500 παρὰ
472 1423 533 1485 τοῖς
557 1414 658 1485 ἄλλοις
682 1415 712 1476 ἐν
737 1418 888 1502 ἀπορρήτῳ
911 1413 1123 1500 παραδιδόμενα
1149 1419 1213 1499 παρ’
1233 1413 1327 1484 αὐτοῖς
1350 1415 1414 1499 κρύ-

240 1545 316 1585 πτειν
339 1529 396 1584 τὼν
423 1522 605 1606 βουλομένων
628 1524 665 1584 τά
688 1529 807 1584 τοιαῦτα
830 1524 984 1606 μνώσκετν.

349 1653 466 1733 Itaque
489 1651 596 1716 omnia
619 1651 802 1717 testimonia
825 1652 985 1732 complexi
1010 1670 1146 1734 eaquae
1164 1651 1256 1716 Kern
1281 1649 1413 1734 (Pauly-

242 1760 417 1840 Wissowa)
457 1760 519 1824 iam
560 1758 745 1824 dubitanter
779 1777 882 1840 neque
917 1760 1114 1841 argumentis
1151 1759 1235 1824 fulta
1270 1760 1413 1840 protulit,

241 1867 359 1932 maiore
382 1885 452 1932 cum
477 1865 593 1932 fiducia
618 1867 843 1932 contendemus
860 1865 1007 1934 Cererem
1031 1866 1063 1930 iu
1088 1865 1186 1933 Creta
1210 1903 1252 1911 —
1278 1866 1414 1932 fortasse

242 1977 344 2039 ortam
369 2009 409 2017 -
435 1977 521 2038 certo
545 1973 743 2038 Eleusiniam
768 1972 886 2038 factam
911 1991 995 2055 esse,
1019 1973 1110 2038 cuius
1134 1974 1166 2038 iu
1191 1975 1279 2038 cultu
1303 1975 1330 2038 si
1346 1975 1414 2038 Me-

239 2081 332 2146 lissas
355 2081 538 2146 sacerdotes
568 2087 600 2146 et
624 2085 745 2161 mystas
782 2081 905 2145 versari
940 2081 1083 2146 videmus
1119 2085 1215 2163 atque
1246 2082 1348 2145 altera
1381 2083 1415 2145 in

241 2188 332 2254 Prasi
357 2187 504 2255 Creticae
529 2189 616 2254 urbis
641 2189 775 2253 nummis
800 2207 889 2269 apem
915 2208 986 2254 curn
1010 2187 1126 2255 Cerere
1151 2195 1207 2252 aut
1223 2190 1415 2269 Proserpina

238 2297 439 2361 coniunctam
464 2296 641 2360 invenimus
666 2297 773 2374 (Hunt
789 2291 885 2360 Coins
909 2295 1002 2360 obv:
1028 2297 1123 2360 Head
1148 2295 1184 2360 ol
1207 2295 1357 2361 Demeter
1380 2315 1416 2361 or

242 2404 447 2484 Persephone
480 2404 500 2466 l.
530 2404 694 2469 wreathed
729 2404 810 2467 with
845 2423 930 2470 corn.
957 2405 1036 2468 Rev.
1064 2397 1237 2487 [haspra
1273 2403 1347 2480 bee3
1383 2405 1414 2468 in

239 2510 313 2576 field
338 2512 358 2575 l.
383 2511 477 2591 rose),
503 2511 677 2591 gaudemus
694 2512 778 2592 quod
794 2512 827 2576 in
843 2511 966 2576 Isthmo
983 2510 1232 2591 observavimus
1256 2511 1289 2575 in
1305 2510 1415 2576 eadem

239 2619 299 2683 dea
322 2617 504 2684 confirmari
528 2619 560 2682 id
585 2619 617 2682 ln
642 2618 749 2684 Creta.

346 2725 472 2792 Cereris
496 2727 593 2807 igitur
609 2745 686 2806 apes
702 2727 802 2791 secuti
819 2728 859 2790 ad
877 2726 962 2791 lovis
978 2727 1080 2792 locum
1099 2728 1238 2791 natalem
1259 2726 1413 2802 venimus,

240 2834 378 2898 nondum
391 2835 432 2899 ad
447 2833 641 2899 incunabula
656 2834 736 2914 ipsa.
768 2834 833 2899 Sed
849 2853 890 2898 ne
906 2833 1003 2900 Ceres
1020 2834 1144 2914 quidem
1159 2835 1271 2898 ultima
1284 2839 1332 2898 est
1345 2836 1413 2914 dea,

240 2941 329 3005 cuius
353 2941 385 3006 in
409 2943 498 3006 cultu
522 2960 612 3023 apem
637 2941 833 3006 invenimus:
865 2942 1015 3005 Melissos
1046 2942 1224 3022 nuncupari
1255 2942 1415 3007 antistites

241 3048 355 3113 Matris
379 3049 519 3129 Magnae
543 3068 562 3112 a
591 3049 729 3131 Didymo
758 3050 977 3129 comperimus,
1009 3066 1072 3130 quo
1101 3047 1259 3130 Hesychii
1289 3067 1415 3131 quoque

240 3155 317 3220 illud
341 3156 498 3235 glossema
522 3159 668 3235 spectare
684 3156 824 3220 videtur:
851 3154 1051 3236 μητροπόλοοτ
1065 3171 1071 3184 ·
1085 3153 1139 3222 τοίς
1154 3151 1244 3214 adhoc
1262 3153 1412 3235 μελίσσας.

346 3281 543 3362 Repetamus
577 3281 676 3361 igitur
708 3281 783 3362 quid
820 3281 963 3346 adsecuti
998 3282 1114 3345 simus:
1155 3282 1288 3360 Therae,
1325 3283 1413 3359 Meli,
1519 3282 1522 3291 '

241 3387 326 3466 Deli,
352 3389 456 3453 Rhodi
480 3389 511 3452 in
537 3389 648 3452 insulis
673 3407 764 3469 apem
789 3390 879 3452 deam
912 3390 1058 3453 manibus
1088 3393 1273 3464 tractamus,
1305 3390 1416 3454 haeret

241 3495 312 3575 apis
335 3495 366 3559 in
392 3492 498 3575 Creta,
523 3497 708 3576 adiungitur
724 3497 824 3560 Matri
847 3497 1004 3577 Magnae,
1029 3499 1077 3560 est
1102 3492 1240 3554 Μέλισσα
1257 3495 1413 3575 Corinthi,

241 3601 387 3683 fungitur
422 3602 547 3666 Dianae
582 3603 667 3678 vice;
703 3607 753 3667 est
788 3599 927 3661 Μέλισσα
961 3604 993 3666 in
1029 3604 1161 3682 Isthmo,
1200 3606 1346 3668 sacerdos
1383 3603 1415 3668 fit

242 3707 363 3774 Cereris
387 3709 587 3786 Eleusiniae;
621 3711 760 3775 lonicum
791 3711 946 3776 coloniam
976 3711 1062 3776 ducit
1092 3712 1160 3792 apis
1191 3712 1275 3776 sicut
1300 3712 1414 3791 Diana,

242 3835 280 3881 ac
304 3835 343 3880 ne
367 3816 540 3895 Ephesiam
565 3835 655 3897 apem
681 3835 763 3897 quae
796 3817 837 3882 ab
862 3817 1014 3882 Asiatica
1043 3818 1099 3882 illa
1132 3817 1191 3881 dea
1220 3818 1416 3899 recipitura

242 3923 355 3988 ceteris
385 3941 535 3988 secernas
564 3961 605 3968 -
634 3923 777 4004 Ephesia
806 3923 862 3989 illa
893 3925 1001 3989 Diana
1034 3925 1075 3988 ad
1105 3925 1240 3988 Matrem
1267 3926 1415 4006 Magnam

242 4030 374 4096 eandem
409 4031 563 4096 rationem
592 4030 690 4096 habet
720 4051 815 4114 quam
846 4030 969 4112 species
998 4034 1037 4096 ad
1068 4051 1178 4112 genus.
1227 4032 1308 4096 Nam
1344 4033 1416 4113 ipsa

243 4155 368 4219 quoque
402 4173 443 4180 -
468 4144 504 4202 ut
533 4140 584 4202 vel
621 4139 789 4204 simulacro
825 4141 1060 4204 demonstratur
1085 4173 1128 4182 —
1154 4135 1280 4218 Μεγαλη
1307 4135 1415 4221 Μήτηρ

242 4244 388 4324 habetur,
421 4247 491 4326 ipsa
520 4265 646 4328 qunque
673 4247 823 4311 castratis
852 4247 1069 4311 sacerdotibus
1098 4247 1214 4328 quibus
1246 4243 1417 4328 Μεγάβυζον

242 4369 356 4417 nomen
385 4357 434 4417 est
463 4353 574 4432 utitur,
598 4354 668 4433 ipsa
692 4372 818 4435 quoque
843 4353 919 4418 feris
949 4357 1046 4436 atque
1077 4355 1256 4435 orgiasticis
1285 4356 1414 4437 quibus-

243 4461 314 4526 dam
349 4460 546 4527 caerimoniis
580 4461 703 4543 colitur,
740 4463 786 4528 ita
821 4467 857 4527 ut
885 4462 1043 4528 Timothei
1078 4463 1214 4547 hymnus
1252 4463 1414 4545 appellare
