3384 5134
793 319 997 383 ...3ss-

310 492 401 560 kulte
424 492 442 557 I
465 512 496 574 p.
521 499 596 566 411,
621 493 740 560 Frazer
764 495 784 558 l.
802 514 828 561 c.
846 491 926 560 ΠΙ2
943 515 974 577 p.
994 503 1067 561 239.
1115 497 1199 562 Num
1217 517 1255 563 ea
1273 496 1384 564 fabula
1400 518 1482 582 quae

311 606 350 669 de
373 599 499 668 Achille
521 601 555 666 in
579 603 768 684 Lycomedis
792 603 865 668 aula
889 604 1054 669 mulierum
1078 622 1164 669 more
1195 606 1310 670 vestito
1340 605 1444 670 fertur
1467 627 1485 670 e

310 709 465 776 similibus
501 711 570 774 orta
605 713 654 774 est
688 707 780 792 Scyri
816 709 989 776 incolarum
1025 711 1307 777 consuetudinibus
1333 731 1415 795 quae
1439 714 1479 777 ad

309 820 467 884 Theseum
492 834 585 897 quem
610 816 895 881 demonstravimus
911 815 1168 898 spectabant?*)
1216 820 1289 884 Hoe
1313 823 1484 901 utcumque

311 928 370 1006 est,
395 925 507 1007 Scyrio
531 923 654 988 Theseo
678 941 741 989 non
765 923 826 988 iam
852 922 928 989 licet
952 933 1139 1006 argumento
1164 926 1221 1005 uti,
1257 927 1350 1009 quasi
1381 927 1483 991 Athe·

310 1035 436 1098 nienses
460 1031 566 1096 nescio
589 1031 645 1112 qui
668 1065 712 1072 —
736 1031 762 1094 sl
785 1033 892 1112 potest
915 1033 978 1096 iam
1002 1034 1076 1096 aute
1100 1033 1260 1114 Dolopum
1288 1034 1484 1098 iuvasionem

311 1137 475 1204 —insula
498 1141 605 1203 essent
634 1137 739 1219 potiti,
769 1157 841 1202 nam
866 1137 996 1220 Scyrius
1020 1140 1165 1204 Theseus
1200 1159 1262 1204 non
1298 1143 1346 1204 est
1381 1140 1485 1205 Athe-

309 1247 437 1320 niensis
474 1246 528 1309 sed
565 1242 736 1320 Cretensis
773 1263 850 1309 were
880 1243 963 1309 filius
999 1245 1095 1309 maris
1127 1245 1245 1326 Aegei.
1293 1247 1362 1311 Iam
1386 1247 1485 1328 igitur

309 1371 501 1437 quamquam
526 1355 660 1433 apparet
684 1350 794 1416 florum
828 1370 974 1416 eoronam
1005 1353 1161 1418 artissime
1191 1354 1362 1419 adhaerere
1386 1355 1483 1436 parti:

310 1461 370 1526 bus
395 1477 475 1542 quas
499 1459 641 1523 Theseus
665 1457 741 1539 agit,
766 1462 873 1523 tamen
897 1459 924 1524 si
948 1461 1019 1542 quis
1052 1461 1208 1526 iudicaret
1235 1479 1330 1524 unam
1367 1460 1485 1542 ubique

310 1568 552 1648 absolutamque
564 1565 772 1630 ceremoniam
787 1567 950 1647 tamquam
963 1565 1206 1631 fundamentum
1219 1567 1351 1632 subesse
1366 1569 1483 1632 Ariad-

309 1696 370 1741 nae
394 1679 427 1739 et
451 1674 567 1739 Thesei
591 1672 730 1748 fabulae,
755 1674 782 1736 is
806 1674 901 1754 plane
925 1681 1046 1738 erraret
1076 1675 1115 1738 de
1138 1675 1298 1740 varietate
1322 1679 1354 1740 et
1378 1676 1483 1739 varia·

309 1783 436 1849 bilitate
453 1781 564 1846 horum
581 1781 710 1856 rituum,
729 1781 784 1863 qni
800 1781 895 1844 aliter
912 1779 993 1845 fiunt
1017 1782 1088 1846 aliis
1104 1783 1137 1846 iu
1155 1783 1234 1848 vicis
1251 1783 1307 1846 vir
1324 1783 1484 1846 nonnullis

310 1891 437 1956 milibus
460 1891 544 1954 inter
567 1907 601 1952 se
625 1887 826 1952 distantibus.
885 1887 999 1971 Neque
1021 1889 1121 1967 igitur
1144 1890 1255 1954 mirum
1281 1889 1366 1972 quod
1389 1889 1484 1954 huius

310 2015 436 2080 quoque
460 1995 589 2060 fabulae
613 1997 775 2077 tamquam
799 1996 889 2058 veria
912 1993 1007 2060 lectio
1032 1995 1171 2061 traditur
1186 1996 1344 2061 Theseum
1368 2014 1484 2060 corona

309 2105 487 2169 Ariadnam
523 2121 612 2167 suam
644 2103 817 2182 ornavisse,
854 2104 937 2183 quod
962 2103 990 2167 si
1015 2123 1173 2168 unacum
1201 2121 1317 2168 corona
1341 2102 1373 2168 in
1397 2122 1484 2167 mare

309 2211 464 2292 mergitur
487 2208 556 2275 fieri
579 2228 642 2274 non
664 2211 781 2289 potest.
829 2210 881 2274 Ae
911 2229 951 2272 ne
975 2209 1068 2273 huius
1093 2209 1220 2292 quidem
1246 2209 1484 2276 consuetudinis

227 2336 229 2340 ’
310 2320 424 2384 desunt
448 2317 605 2397 exempla.
652 2314 808 2382 Conferas
832 2315 928 2380 velim
952 2325 1035 2398 quae
1051 2317 1250 2381 Mannhardt
1270 2315 1394 2398 profert
1417 2317 1437 2379 l.
1455 2336 1482 2382 c.

308 2446 340 2506 p.
359 2420 474 2507 422l3:
514 2425 572 2504 „In
597 2424 770 2488 Wreslrow
806 2421 856 2486 bei
890 2423 1095 2506 Koniggrtltz
1131 2423 1234 2503 gehen
1258 2421 1485 2504 (Mai-lenig

310 2533 374 2598 und
397 2532 543 2611 Konigin
567 2531 600 2596 in
624 2529 722 2594 ihrem
740 2529 852 2595 besten
868 2527 1119 2610 Sountagsstaat
1135 2534 1229 2595 unter
1246 2531 1347 2596 einem
1365 2530 1483 2595 Balda·

309 2639 393 2718 ehiu,
418 2639 469 2703 die
485 2638 630 2718 Konigin
646 2637 704 2701 hat
726 2637 818 2701 einen
836 2637 950 2702 Kranz
968 2636 1027 2702 auf
1041 2639 1110 2701 dem
1127 2637 1253 2718 Kopfc;
1280 2640 1337 2702 das
1351 2637 1484 2718 jttngste

309 2746 469 2810 Madohen
494 2749 583 2824 tragt
605 2744 655 2807 ihr
679 2745 760 2808 zwei
783 2744 917 2808 Kranae
941 2741 1001 2808 aul
1022 2745 1121 2808 einem
1145 2745 1251 2809 Teller
1275 2746 1367 2810 nach.
1412 2746 1483 2809 Das

309 2853 442 2918 uachste
466 2851 603 2932 Gefolge
638 2850 766 2915 besteht
794 2867 853 2915 aus
885 2851 1052 2917 Bursohen
1076 2851 1139 2915 und
1164 2853 1334 2931 Madohen,
1360 2852 1483 2916 welche

309 2960 371 3024 wie
387 2958 603 3024 Brautllthrer
626 2959 689 3022 und
708 2956 962 3038 Brautjungfern
987 2958 1149 3038 gelrleidet
1172 2958 1252 3023 sind.
1300 2959 1373 3022 Von
1391 2959 1484 3023 Heus

310 3086 350 3131 zu
363 3066 456 3130 Haus
469 3066 598 3130 werden
611 3063 727 3130 Gaben
740 3065 929 3146 gesammelt
945 3063 1009 3128 und
1026 3066 1077 3129 die
1089 3065 1216 3130 Kinder
1229 3065 1482 3146 mitgenommen.

310 3174 407 3239 Danu
433 3172 516 3254 folgt
546 3174 603 3237 das
627 3171 762 3238 Gerioht
790 3171 869 3236 uber
901 3172 950 3236 die
973 3171 1213 3253 Dorlgenossen
1237 3173 1302 3236 und
1327 3173 1377 3236 die
1404 3174 1483 3236 Ver·

309 3281 472 3361 urteilung
495 3282 551 3345 des
575 3281 703 3360 Konigs
727 3299 784 3343 zur
801 3279 1037 3361 ldnthauptung
1054 3329 1060 3342 .
1080 3328 1086 3341 .
1107 3331 1112 3344 .
1145 3279 1208 3344 Die
1226 3279 1372 3360 Konigin
1389 3278 1484 3344 bault

308 3389 364 3452 ihu
388 3388 444 3466 los,
476 3388 587 3452 nimmt
617 3387 709 3451 ihren
733 3386 848 3450 Kranz
878 3405 949 3450 vom
974 3385 1086 3467 Kopfe
1110 3388 1174 3451 und
1198 3391 1282 3450 sctzt
1306 3387 1361 3450 ihn
1388 3392 1484 3451 unter

310 3495 527 3576 allgemeinem
550 3493 651 3562 Jubel
675 3494 754 3559 liber
777 3493 863 3558 scine
887 3491 1072 3574 Erhaltung
1103 3494 1167 3558 und
1191 3496 1285 3558 unter
1312 3493 1482 3572 Lobpreis·

309 3621 415 3683 uugeu
449 3602 536 3666 ihrer
571 3600 659 3666 oute
694 3602 762 3665 dem
793 3598 1034 3681 Losgekauften
1072 3600 1138 3665 anf.
1197 3600 1289 3664 Doch
1313 3600 1393 3664 wird
1419 3601 1483 3664 ihm

416 3741 442 3807 *l
463 3742 541 3810 Quod
559 3746 640 3798 antee
658 3745 808 3810 suspicatus
827 3744 936 3798 tantum,
952 3757 1010 3794 sum
1030 3741 1202 3794 confirmatur
1221 3742 1247 3793 id
1266 3741 1304 3794 eis
1324 3757 1392 3808 quae
1411 3757 1481 3793 nuno

309 3833 486 3886 communicat
504 3832 537 3886 R.
552 3833 590 3885 M.
606 3832 738 3885 Dawkins
758 3831 785 3883 in
805 3829 917 3884 Annual
936 3830 967 3882 of
983 3831 1087 3883 British
1108 3828 1204 3884 Sohool
1224 3830 1279 3883 IX:
1300 3827 1336 3882 ‘A
1355 3831 1435 3883 visite
1454 3833 1482 3882 to

309 3921 418 3988 Skyros'
438 3938 464 3988 p.
484 3923 518 3973 72
537 3938 608 3988 squ:
629 3918 674 3975 On
692 3921 739 3973 the
758 3921 812 3973 last
830 3921 933 3986 sunday
957 3919 988 3971 of
1005 3918 1130 3973 Carnival
1153 3919 1201 3972 the
1220 3921 1420 3986 mesqueraders
1439 3934 1483 3985 ap·

308 4026 372 4077 pear
399 4010 425 4063 in
450 4011 497 4063 the
521 4012 643 4078 greatest
666 4011 799 4062 numbers.
837 4008 864 4061 A
889 4007 939 4060 lull
963 4012 1005 4062 set
1023 4009 1136 4061 oonsists
1155 4008 1186 4061 of
1211 4009 1288 4061 three
1306 4024 1397 4074 young
1416 4023 1483 4072 men,

309 4101 451 4170 disguised
471 4116 521 4153 one
539 4116 568 4153 as
588 4116 622 4153 an
641 4099 684 4152 old
703 4115 764 4152 men
783 4099 886 4167 (γέρος),
912 4116 971 4152 one
995 4115 1028 4151 as
1048 4115 1064 4150 a
1082 4098 1166 4151 maid
1191 4091 1335 4164 (κορέλλα),
1360 4098 1411 4150 and
1434 4112 1484 4149 one

308 4209 337 4246 es
356 4207 372 4243 a
390 4190 482 4244 Frank
500 4185 643 4258 (Φράγκος)
658 4231 663 4242 .
679 4230 705 4242 ..
726 4189 786 4242 The
804 4183 916 4257 κορέλλα
937 4189 959 4242 is
979 4205 994 4242 a
1013 4191 1063 4254 bey
1077 4189 1183 4242 dressed
1197 4204 1225 4241 as
1239 4203 1254 4240 a
1267 4187 1326 4254 girl,
1346 4187 1484 4254 generally

310 4281 378 4333 with
396 4296 412 4333 a
430 4282 537 4333 modern
556 4279 639 4346 maala
659 4280 691 4331 in
709 4279 766 4332 the
786 4278 891 4332 festal
915 4278 1018 4331 attire
1042 4277 1077 4330 ol
1098 4293 1114 4330 a
1137 4277 1282 4344 Skyrian
1306 4275 1419 4329 bride.
1435 4316 1440 4328 .
1456 4313 1482 4329 ..

309 4387 333 4438 p.
354 4370 402 4422 74:
423 4367 467 4424 On
485 4370 533 4422 the
552 4371 667 4436 Monday
685 4371 733 4422 not
751 4385 832 4436 many
853 4366 905 4423 Old
925 4367 992 4420 Men
1016 4384 1045 4420 or
1068 4367 1172 4420 Franks
1196 4382 1309 4434 appear;
1333 4365 1355 4418 it
1382 4366 1404 4418 is
1427 4365 1484 4418 the

309 4462 368 4526 day
388 4459 423 4513 of
438 4459 494 4512 the
517 4457 811 4524 μετημφιεσμὲνοι,
838 4458 931 4511 when
958 4459 1037 4525 boys
1063 4473 1100 4524 go
1124 4459 1225 4510 about
1250 4455 1422 4522 disguised
1450 4472 1483 4508 as

308 4549 393 4618 girls
412 4589 419 4603 .
440 4590 447 4602 .
467 4589 473 4600 .
