3384 5134
681 359 723 369 -
771 327 901 399 47¹-

311 500 350 566 In
375 500 527 567 Philostr.
552 501 648 584 imag.
673 503 710 568 ΙΙ
735 501 787 574 8,5
818 501 964 585 legimus:
989 498 1144 583 Ἀθηναῖοι
1177 499 1234 584 τὴν
1258 500 1378 568 Ἰωνίαν

204 602 244 668 ὅτ’
271 605 420 690 ἀπῴκιζον
445 605 561 668 Μοῦσαι
583 608 705 690 ηηοῦντο
739 614 788 669 τοῦ
819 613 952 675 ναυτικοῦ
988 607 1021 671 ἐν
1058 605 1126 670 εἴδει
1161 609 1311 691 μελιττῶν
1341 647 1376 659 υ

204 715 316 781 mirum
352 718 412 799 ipo
446 716 591 800 quideml
640 719 754 783 Musae
788 719 930 784 coloniae
966 719 1076 783 duoes!
1134 721 1248 784 Musae
1283 721 1377 800 apes!

205 824 308 909 Quam
338 826 385 889 ad
421 827 557 890 aetatem
593 826 677 890 hano
711 826 888 908 opinionem
913 826 1074 908 pertinere
1098 825 1277 906 potemus?
1325 829 1379 892 Ad

203 930 385 998 inferiorem
414 952 492 997 sune
521 933 673 1010 Hesiodo,
707 934 762 1014 qni
791 935 822 998 in
853 934 973 1016 Theog.
1004 953 1051 999 vs.
1083 941 1135 1014 81,
1156 941 1208 1015 83,
1229 942 1269 1000 84
1299 935 1380 1001 liaeo

204 1038 352 1104 exhibet:

364 1142 466 1212 ὅντινα
495 1147 635 1228 τιμήσωσι
660 1139 843 1230 Διὸςκοῦραι
867 1145 1001 1228 μεγάλοιο
1019 1193 1025 1207 .
1045 1195 1077 1213 ..

367 1247 409 1336 ιη’
434 1249 489 1334 μὲν
510 1251 558 1330 Ιἐπὶ
580 1251 700 1336 ηλώσση
724 1252 870 1338 γλυκερὴν
894 1255 1019 1338 χείουσιν
1046 1253 1164 1338 ἐέρσην,

363 1365 412 1422 τοῦ
435 1356 523 1421 δ’ἔπε’
550 1359 583 1422 ἐκ
606 1361 748 1442 στόματος
772 1362 814 1444 ῥεῖ.
837 1359 978 1445 μείλιχα,
997 1412 1004 1426 .
1024 1412 1030 1426 ,

205 1469 257 1536 hio
280 1471 362 1536 enim
387 1489 482 1537 voees
506 1471 579 1534 illas
603 1466 727 1552 νλυκερη
754 1467 841 1552 ἐέρση
868 1477 901 1535 et
930 1465 1000 1528 ἔπεα
1029 1467 1146 1553 μείλιχα
1176 1475 1377 1553 metaphoras

205 1597 274 1643 esse
298 1583 330 1644 et
353 1583 449 1660 poeta
473 1579 544 1643 vult
568 1583 600 1643 et
624 1597 680 1642 nos
704 1579 867 1643 sentimus
916 1575 1029 1662 ltaque
1049 1598 1240 1662 quamquam
1270 1578 1379 1644 lunda-

203 1689 311 1751 mento
334 1687 579 1767 oomparationis
602 1687 665 1750 iam
683 1685 724 1750 ab
743 1687 887 1751 Hesiodo
910 1687 997 1752 iaota
1011 1707 1081 1751 esse
1099 1689 1254 1766 videmus,
1271 1692 1378 1752 tamen

185 1797 240 1858 ut
262 1794 378 1858 Musae
402 1812 479 1874 apes
503 1793 652 1858 dieantur
675 1795 800 1858 tantum
829 1793 930 1868 abest,
962 1798 996 1858 ut
1025 1795 1056 1858 in
1086 1794 1226 1860 ommino
1255 1797 1378 1860 demum

204 1900 391 1965 Nonnianae
415 1901 493 1964 artis
517 1901 577 1964 hoo
600 1903 747 1965 oeourrat
771 1896 862 1980 (Ant.
880 1901 951 1965 Pal.
971 1901 1136 1976 IX1505l:

364 2004 495 2088 Εὐτέρπη
520 2003 675 2070 δονάκεσσι
697 2003 901 2089 πολυτρήτοισι
923 2004 1056 2086 λιηαίνει,
1205 1997 1208 2003 ’

362 2117 476 2194 πνεῦμα
501 2103 594 2196 σορής
617 2110 756 2196 ὀχετηηὸν
781 2110 980 2196 ἐπισπείρουσα
1004 2113 1158 2195 μελίσσης.

309 2242 426 2323 ltaque
449 2260 467 2304 e
490 2239 680 2304 Philostrati
705 2239 888 2304 narratione
913 2241 1048 2304 alterum
1065 2242 1301 2320 secernendum,
1319 2247 1375 2307 aut

202 2351 317 2415 Musae
352 2353 408 2414 aut
443 2365 534 2429 apes;
571 2350 676 2411 utrum
712 2348 939 2412 secernendum
963 2349 1015 2428 sit,
1053 2346 1147 2412 l'aoile
1171 2347 1376 2428 intellegitur.

202 2453 290 2540 Apes
314 2457 396 2521 enim
420 2455 560 2521 oolonias
584 2453 729 2519 emittere
753 2454 837 2518 inter
857 2454 1088 2519 Philostratum
1105 2454 1238 2537 eiusque
1262 2474 1378 2537 aequa·

202 2565 248 2630 les
272 2564 442 2630 constabat
461 2561 517 2645 (ol.
540 2563 642 2627 Varro
666 2581 691 2625 r.
717 2582 741 2626 r.
768 2563 823 2627 III
850 2568 901 2636 16,
921 2569 975 2637 29,
1001 2562 1056 2627 ubi
1089 2564 1128 2627 de
1156 2562 1270 2642 apibus
1299 2563 1379 2630 haee

203 2673 351 2739 dicuntur
381 2671 576 2753 ‘progeniem
606 2672 732 2734 veteres
762 2671 909 2735 emittere
945 2671 1058 2736 volunt
1090 2671 1123 2734 in
1159 2671 1312 2735 coloniam
1344 2675 1378 2735 ut

203 2779 275 2845 olim
292 2779 404 2846 erebro
418 2778 529 2845 Sabini
547 2777 779 2842 factitaverunt
794 2783 926 2859 propter
941 2775 1176 2842 multitudinem
1187 2776 1378 2842 liberorum'.

204 2881 273 2949 Ael.
291 2906 319 2952 a,
337 2905 367 2951 n,
385 2886 418 2950 V
435 2892 492 2950 13:
533 2880 600 2943 ὅταν
635 2879 667 2942 δὲ
697 2879 807 2964 ἐπιηυνὴ
837 2876 861 2965 ᾖ
889 2882 935 2942 καὶ
970 2873 1127 2962 stupidam
1162 2881 1314 2962 μελίτταις
1347 2883 1378 2943 τὸ

203 2982 311 3074 σμῆνυς
326 2990 373 3052 καὶ
388 2991 428 3058 εἰς
445 2989 569 3050 ἀποικίαν
587 2989 772 3071 ἐκπέμπουσιν
789 2987 935 3075 ὡσπεροῦν
952 2988 980 3048 αἱ
1004 2988 1131 3070 με’μσταί
1146 3009 1178 3048 τε
1194 2988 1241 3049 καί
1256 2988 1378 3050 πολυαν-

202 3097 352 3181 δροὺμεναι
374 3104 432 3160 τῶν
455 3097 591 3176 πόλεσιν),

265 3207 270 3232 ’
309 3228 424 3293 Musae
448 3227 556 3309 igitur,
581 3245 661 3308 quas
685 3246 755 3292 oum
774 3225 887 3308 apibus
914 3226 1005 3307 longe
1029 3224 1093 3290 alia
1117 3225 1155 3290 de
1172 3244 1270 3290 eausa
1293 3245 1378 3291 oom-

203 3333 311 3415 parari
333 3335 469 3399 vidimus
493 3353 588 3416 quam
613 3336 745 3414 propter·
761 3333 956 3399 coloniarum
975 3333 1194 3398 deductionem
1213 3333 1377 3399 secluden-

204 3442 271 3506 dae.
321 3440 414 3525 Quod
439 3440 618 3506 affirmatur
653 3441 787 3505 Himerii
820 3440 1000 3504 testimonio
1036 3437 1095 3522 (or.
1113 3437 1199 3520 XI):
1229 3433 1331 3506 Ἴωνες
1355 3438 1379 3497 οἱ

204 3533 279 3616 ξένοι
313 3545 393 3628 γένος
423 3544 582 3610 Ἀττικόν.
603 3543 786 3611 ..Μέλιττα
822 3545 875 3628 reip
911 3546 1036 3606 ἀπιοῦσιν
1067 3545 1164 3614 αὐτοῖς
1194 3544 1236 3606 ἐπ’
1264 3543 1378 3605 Ἰουνίαν

202 3654 341 3736 ἡγήσατο.
398 3653 631 3722 Observatione
660 3657 788 3736 dignum
819 3654 870 3718 hio
901 3657 933 3718 et
962 3655 1047 3736 quod
1072 3655 1185 3720 Musae
1209 3656 1324 3720 desunt
1346 3661 1379 3719 et

204 3764 288 3846 quod
326 3759 458 3822 Μέλιττα
491 3764 696 3846 singulariter
725 3767 847 3827 tantum
873 3761 1063 3840 exhibetur;
1097 3763 1319 3828 observatione
1342 3781 1378 3826 eo

204 3871 339 3953 dignius,
364 3872 448 3953 quod
466 3873 627 3937 Himerius
652 3872 785 3936 alteram
810 3889 937 3953 quoque
954 3870 1134 3936 memoriam
1153 3870 1252 3948 novit,
1278 3875 1313 3934 ut
1336 3890 1377 3934 ex

202 3979 355 4044 orationis
373 3985 414 4042 28
440 3977 628 4060 fragmentis
652 3982 788 4058 apparet
812 3972 845 4059 (ξ
863 3978 914 4056 6);
951 3971 1106 4060 rip-(illosum
1140 3971 1171 4034 δὲ
1194 3965 1249 4056 της
1273 3976 1375 4034 ἀποαί-

204 4105 239 4152 ας
267 4084 335 4166 ημῖν
364 4083 395 4144 οὐ
431 4085 527 4166 σμήνη
565 4083 711 4166 μελισσῶν
748 4081 880 4168 βοτρυδὸν
916 4081 960 4143 ἐπὶ
981 4105 996 4140 ν
1015 4131 1020 4142 .
1041 4131 1046 4143 .
1067 4131 1099 4143 ..
1124 4089 1245 4163 νάμασιν
1270 4079 1310 4150 ὡς
1333 4081 1379 4142 καὶΙ

202 4197 298 4251 πάντα
331 4185 375 4274 τη]
409 4189 492 4272 μέλει
527 4193 657 4274 κοιμίσαι,
692 4189 737 4251 ἵνα
773 4197 866 4250 πᾶσαν
898 4187 1017 4254 Ἀττικ.
1033 4237 1039 4250 .
1055 4236 1073 4263 .,
1110 4210 1192 4272 qnae
1226 4191 1379 4255 Duebnol·

203 4305 357 4382 quantum
387 4302 426 4364 ad
456 4301 645 4366 sententiam
675 4305 761 4366 recto
790 4301 936 4380 supplet:
969 4299 1074 4364 ‘ducet
1103 4302 1207 4363 autem
1239 4303 1377 4364 vestram

202 4407 358 4474 coloniam
382 4427 444 4473 non
468 4427 602 4472 examen
619 4426 723 4488 apum,
749 4409 784 4471 ut
807 4408 880 4472 olim
905 4400 1061 4490 [conligis
1083 4407 1136 4471 sed
1154 4407 1271 4470 Musae
1289 4405 1378 4486 ipsae

204 4532 261 4581 vos
285 4515 441 4580 deducent
474 4516 514 4580 ad
549 4533 657 4580 saeros
680 4508 854 4598 Castaliae]
890 4515 1011 4594 latioes,
1051 4518 1085 4578 ut
1108 4511 1214 4578 omnia
1238 4513 1375 4579 oiroum-
