3384 5134
700 337 920 396 „39-

226 510 387 575 Bacchum
413 517 445 575 et
469 510 655 590 Ariadnam,
678 509 708 574 id
733 528 795 574 non
821 515 870 574 est
892 509 923 572 in
948 507 1075 584 litteris
1112 513 1161 573 est
1184 509 1268 573 inter
1291 528 1398 574 monu-

225 623 340 696 menta,
366 617 483 703 quibus
508 617 654 682 Ariadna
680 617 799 682 Bacchi
822 635 885 681 non
909 617 1009 681 solum
1026 633 1116 694 uxor,
1142 616 1198 679 sed
1222 617 1316 680 etiam
1340 636 1397 680 nu·

226 724 290 788 trix
316 723 449 804 tingitur
481 721 581 802 (Mon.
600 725 674 788 dell’
691 723 773 788 Inst.
791 724 824 787 ll
844 729 866 788 t.
887 723 951 802 17),
982 740 1045 804 quo
1068 741 1197 786 munere
1220 721 1254 786 in
1278 723 1327 786 dis
1351 723 1397 787 in-

226 831 368 896 fantibus
385 831 544 912 nymphas
569 837 624 896 aut
644 831 720 896 deas
745 831 884 910 regionis
908 830 1027 895 natalis
1051 827 1143 909 fungi
1166 830 1227 894 iam
1244 849 1343 912 supra
1366 834 1398 896 et

224 940 256 1002 in
280 941 365 1005 Jove
391 939 479 1003 etin
509 940 599 1004 Pane
631 939 758 1018 saepius
788 938 933 1002 vidimus.
986 936 1101 1020 Itaque
1135 937 1284 1004 Bacchus
1312 942 1397 1018 post·

224 1065 318 1128 quam
349 1065 368 1110 a
400 1046 577 1111 Thracibus
606 1045 732 1110 Naxum
767 1045 884 1110 allatus
919 1048 977 1123 est,
1002 1044 1030 1108 si
1054 1044 1145 1108 modo
1169 1044 1341 1127 quotannis
1365 1045 1398 1108 in

148 1212 154 1224 ,
224 1153 317 1217 hilari
341 1154 396 1218 illo
421 1152 503 1217 festo
528 1155 645 1235 dequo
663 1155 788 1218 constat
812 1152 980 1217 conubium
997 1152 1165 1230 Ariadnae
1180 1152 1398 1232 redintegrare

226 1259 396 1338 ferebatur,
433 1261 515 1326 hana
551 1261 730 1339 opinionem
754 1278 771 1323 e
796 1259 906 1341 populi
943 1277 1002 1324 usu
1039 1261 1141 1324 ortam
1177 1278 1246 1324 esse
1270 1260 1397 1325 minime

224 1373 289 1432 stat
313 1374 399 1433 cer-to
423 1367 513 1449 pede,
539 1385 609 1434 cum
635 1367 721 1431 festa
744 1385 782 1431 ea
806 1366 922 1449 quihus
950 1367 1098 1432 Ariadna
1121 1367 1236 1432 colitur
1260 1366 1396 1449 antiqui·

224 1494 279 1539 ora
303 1493 371 1539 esse
399 1474 518 1540 Bacchi
535 1475 676 1539 adventu
694 1474 750 1537 vix
765 1474 946 1538 inveniatur·
970 1473 1025 1554 qui
1050 1477 1154 1555 neget.
1203 1473 1267 1540 Sed
1291 1474 1397 1538 videa-

225 1601 293 1646 mus
319 1581 357 1646 de
381 1581 481 1644 altero
506 1579 600 1660 festo,
625 1581 709 1662 quod
733 1599 806 1644 num
832 1584 1004 1661 propterea
1033 1577 1130 1645 fuerit
1153 1579 1297 1662 lugubre,
1324 1581 1398 1663 quia

224 1688 366 1752 Theseus
392 1688 567 1752 Ariadnam
593 1687 771 1752 deseruisse
796 1686 970 1767 dicebatur,
1002 1688 1064 1752 iam
1089 1691 1138 1752 est
1161 1687 1396 1769 inquirendum.

226 1798 335 1878 Atque
359 1815 400 1859 ex
424 1813 460 1859 e0
484 1795 609 1876 quidem
634 1795 813 1859 testimonio
842 1796 924 1876 quod
956 1793 1046 1860 nobis
1070 1799 1119 1859 est
1143 1795 1398 1876 antiquissimum

224 1899 256 1982 (λ
274 1909 335 1966 321
357 1903 441 1986 sqq.)
466 1903 545 1968 haec
580 1904 730 1967 memoria
762 1902 839 1966 nihil
878 1903 965 1967 ducit
1000 1902 1143 1981 subsidii,
1179 1903 1299 1986 quippe
1334 1922 1397 1985 quo

225 2011 371 2074 Ariadna
393 2014 598 2092 praematura
622 2015 722 2074 morte
745 2009 916 2075 interfecta
940 2027 1009 2074 esse
1034 2010 1169 2089 dicatur,
1195 2029 1256 2074 non
1281 2010 1398 2075 aThe-

224 2135 277 2182 seo
302 2119 437 2182 deserta.
486 2119 634 2182 Mortnae
658 2121 763 2182 autem
789 2117 954 2182 Ariadnae
977 2126 1010 2181 et
1033 2116 1152 2182 cultum
1169 2124 1202 2182 et
1217 2118 1396 2198 sepulcrum

223 2243 285 2288 non
321 2224 421 2289 solum
457 2225 545 2288 Naxi
581 2226 637 2289 sed
673 2224 768 2290 etiarn
805 2223 903 2306 Cypri
939 2223 1038 2290 fuisse
1062 2244 1080 2288 e
1103 2225 1198 2290 claris
1230 2225 1398 2290 Plutarchi

224 2330 331 2396 verbis
355 2351 453 2413 supra
476 2333 635 2412 apparuit.
684 2333 752 2396 Iam
780 2332 875 2396 velim
902 2335 1029 2413 reputes
1053 2351 1126 2396 nurn
1144 2333 1286 2396 Theseus
1310 2333 1396 2396 dese·

223 2439 324 2503 ruisse
349 2439 525 2504 Ariadnam
551 2440 677 2504 omnino
702 2438 779 2503 ferri
803 2440 944 2520 potuerit
968 2440 1153 2522 priusquam
1170 2440 1312 2504 Theseus
1337 2439 1398 2504 fuit

224 2547 316 2611 heros
339 2543 558 2626 Atheniensis,
583 2551 711 2628 reputes
735 2566 809 2612 num
833 2547 876 2612 sit
908 2545 1073 2627 probabile
1101 2548 1194 2612 unius
1228 2548 1305 2611 deae
1336 2548 1397 2611 duo

225 2652 322 2718 luisse
347 2653 496 2736 lugubria
519 2653 612 2734 testa,
639 2653 754 2720 festum
780 2655 850 2720 dico
874 2655 1040 2719 Ariadnae
1064 2674 1082 2719 a
1106 2655 1230 2719 Theseo
1255 2656 1398 2718 desertae

224 2779 317 2843 quam
353 2780 392 2826 ne
427 2763 517 2826 novit
561 2762 686 2845 quidem
725 2762 947 2844 antiquissima
982 2761 1133 2826 memoria
1168 2765 1201 2826 et
1235 2758 1397 2825 Ariadnae

184 2947 188 2953 Α
223 2873 381 2944 mortuae;
419 2868 597 2934 memineris
632 2870 753 2935 Bacchi
790 2887 916 2952 quoque
952 2868 1122 2934 conubium
1155 2887 1217 2934 non
1241 2868 1282 2932 ab
1306 2867 1396 2932 initio

226 2975 399 3040 Ariadnaei
422 2976 528 3040 cultus
552 2981 674 3056 partem
700 2975 808 3056 fuisse,
834 2995 872 3042 ac
895 2975 990 3041 facile
1025 2978 1102 3058 puto
1131 2977 1284 3042 concedes
1313 2975 1395 3039 The·

223 3101 309 3146 seum
347 3102 473 3166 quoque
508 3083 693 3149 arcessitum
727 3103 807 3162 esse,
845 3085 1030 3150 arcessitum
1056 3103 1072 3147 θ
1097 3082 1194 3150 Creta
1229 3102 1299 3148 cum
1334 3084 1395 3148 iam

222 3189 343 3253 nullum
373 3195 458 3254 esset
488 3191 655 3256 discrimen
683 3193 767 3256 inter
796 3189 980 3258 Cretensem
1016 3194 1048 3256 et
1082 3191 1322 3269 Atheniensem,
1347 3210 1396 3255 ar-

221 3297 369 3361 cessitum
388 3316 449 3360 non
466 3297 625 3362 hominnm
643 3297 794 3379 religione
811 3302 867 3364 aut
883 3317 942 3363 usu
957 3298 990 3362 in
1008 3298 1085 3363 deae
1101 3297 1132 3362 N
1134 3298 1248 3362 axicae
1265 3298 1395 3376 cultum,

222 3406 276 3468 sed
301 3424 320 3470 a
343 3406 446 3486 poetis
470 3405 501 3469 in
527 3404 668 3470 fabulam
694 3425 787 3489 quarn
818 3405 982 3471 finxerunt
1010 3407 1049 3470 de
1075 3406 1223 3470 Ariadna
1255 3405 1395 3484 heroide,

222 3511 403 3593 primariam
428 3513 527 3592 igitur
551 3512 679 3579 fabulae
703 3532 814 3579 sacrae
848 3512 981 3579 formam
1007 3531 1066 3578 non
1093 3513 1191 3578 fuisse
1215 3515 1253 3577 de
1276 3512 1396 3576 Ariad-

222 3637 282 3682 nae
312 3619 483 3684 solitudine
514 3624 547 3684 et
576 3621 700 3697 solatio,
730 3620 785 3685 sed
815 3621 854 3684 de
879 3620 1026 3685 Ariadna
1054 3623 1179 3684 mortua
1211 3638 1249 3684 ac
1273 3623 1394 3684 renata.

222 3724 355 3790 Necnon
380 3744 497 3792 corona
522 3728 600 3792 latet
623 3728 654 3791 in
680 3726 807 3791 Naxica
832 3725 952 3802 fabula,
977 3727 1032 3790 sed
1058 3729 1177 3810 quanto
1207 3732 1331 3791 mutata
1355 3726 1395 3791 ah

222 3832 288 3910 illa,
313 3852 376 3914 qua
401 3833 505 3899 adhuc
528 3834 686 3898 Theseum
712 3838 857 3899 ornatum
882 3837 939 3898 aut
961 3832 1136 3900 Ariadnam
1161 3838 1324 3900 ornantem
1349 3834 1395 3898 vi-

223 3939 334 4004 dimus.
395 3941 508 4024 Neque
542 3943 625 4007 enirn
661 3943 723 4006 iam
760 3949 809 4006 est
843 3941 995 4022 herbena,
1029 3944 1084 4008 sed
1120 3961 1226 4022 aurea,
1262 3938 1396 4024 insignis

223 4045 447 4128 ‘compluribus
478 4047 630 4130 gemmis’,
664 4068 743 4132 quas
776 4067 878 4131 neque
905 4050 1057 4130 Hyginus
1085 4051 1105 4114 l.
1130 4072 1155 4115 a.
1181 4070 1284 4132 neque
1315 4049 1396 4115 alius

223 4154 389 4237 quisquam
420 4155 476 4237 qui
506 4156 621 4221 similia
652 4160 749 4239 atque
777 4156 831 4220 ille
860 4156 961 4220 tradit
983 4157 1109 4222 omittit.
1157 4157 1220 4224 Sed
1244 4159 1312 4240 ipso
1337 4159 1396 4224 hoc

223 4262 350 4341 egregio
374 4266 406 4326 et
430 4262 538 4328 divino
563 4265 675 4330 decore
699 4283 733 4327 se
757 4282 820 4328 non
853 4282 922 4328 esse
950 4264 1129 4344 humanam,
1162 4284 1302 4346 gemmas
1326 4285 1395 4330 esse

222 4374 309 4434 astra
333 4369 452 4434 clamat
474 4388 590 4435 corona
613 4371 693 4452 ipsa.
743 4373 860 4452 ltaque
882 4375 1051 4454 postquam
1076 4391 1093 4437 e
1112 4372 1302 4454 simpliciore
1325 4373 1394 4437 sive

224 4475 389 4564 Ariadnae
412 4477 480 4566 sive
497 4477 611 4565 Thesei
635 4496 752 4568 corona
775 4477 863 4546 sidus
880 4497 991 4568 nomen
1016 4479 1118 4571 duxit,
1144 4480 1234 4569 cuius
1258 4480 1302 4552 rei
1319 4481 1393 4572 ante
