3384 5134
763 348 983 406 ..12-

286 515 408 584 ambitu
446 521 685 602 oiroumsoripta
721 521 849 598 fuerint,
883 523 960 586 lieet
992 523 1125 587 alterum
1157 523 1190 588 in
1224 541 1263 588 ea
1286 542 1380 606 quani
1404 542 1461 589 nos

286 627 433 691 tenemus
457 629 608 693 memoria
632 629 726 695 heros
750 650 768 695 e
793 631 851 695 deo
877 629 996 694 foetum
1031 629 1074 694 sit
1103 631 1160 695 aut
1183 630 1216 694 in
1239 631 1367 696 nomina
1389 649 1460 712 pro·

286 735 357 815 pria
381 737 590 816 descenderit,
615 739 670 802 sed
694 738 820 803 minime
844 742 931 802 reoto
954 738 1035 819 pede
1059 739 1125 802 stat
1148 738 1228 803 haee
1251 737 1459 818 ratiocinatio,

286 843 313 906 si
337 862 434 908 uuum
459 861 573 908 nomen
597 844 638 910 ab
663 846 763 910 altero
780 845 957 910 derivatum
983 847 1049 920 est;
1076 848 1142 910 tum
1160 845 1242 910 enirn
1259 845 1308 910 vis
1323 845 1461 927 genuina

286 951 319 1014 in
343 951 409 1016 solo
433 953 613 1034 prototypo.

393 1060 506 1140 Atque
534 1059 640 1142 aliquo
674 1061 766 1126 modo
798 1061 990 1125 Adrasteam
1019 1078 1090 1125 oum
1116 1061 1259 1126 Adrasto
1291 1061 1461 1126 cohaerere

288 1167 416 1231 veteres
440 1167 502 1231 iam
527 1167 698 1250 scriptores
722 1169 875 1250 suspicati
899 1173 981 1233 sunt.
1030 1167 1126 1234 Certe
1142 1187 1204 1233 uon
1221 1187 1325 1234 moror
1347 1169 1381 1232 in
1396 1168 1461 1234 illis

285 1272 560 1349 hariolationibus‚
585 1273 701 1356 quibus
719 1295 776 1357 per
792 1275 842 1340 fas
858 1278 891 1340 et
909 1275 1000 1340 nefas
1016 1277 1212 1341 Adrasteam
1229 1295 1300 1342 oum
1318 1275 1461 1342 Adrasto

286 1380 478 1461 coniungere
511 1381 618 1446 eonati
653 1386 727 1446 sunt
762 1383 851 1447 velut
885 1380 973 1447 Suid.
998 1403 1023 1448 s.
1049 1402 1080 1446 v.
1097 1379 1139 1462 *)‚
1177 1384 1272 1449 idust
1297 1383 1329 1447 in
1353 1386 1459 1449 Bana

286 1487 326 1550 ai.
375 1487 533 1553 Graviora
558 1487 651 1554 affert
678 1486 886 1555 Antimachus
919 1509 956 1556 eo
980 1508 1073 1571 quem
1097 1510 1195 1572 supra
1218 1491 1461 1556 commemoravi

287 1594 365 1670 loeo,
393 1595 448 1660 ubi
472 1596 551 1662 haee
574 1595 718 1663 exhibet:

447 1697 510 1762 ἔστι
532 1700 563 1762 δέ
587 1722 629 1770 τις
652 1699 779 1786 Νέμεσις
803 1702 917 1785 μεγάλη
941 1702 1020 1778 θεὸς,
1044 1700 1065 1787 γ’γ’
1087 1703 1156 1766 τάδε
1180 1702 1277 1765 adoro

445 1807 514 1892 πρὸς
539 1806 678 1893 μακάρων
703 1806 821 1894 ἔλαχεν·
850 1809 945 1892 βωμὸν
970 1809 1001 1871 δέ
1025 1811 1049 1872 οἱ
1073 1811 1168 1873 εἵσατο
1192 1817 1307 1896 πρῶτος

440 1912 619 1998 Ἄδρηστος,
644 1924 778 1999 ποταμοῖο
801 1917 880 2002 ταρὰ
904 1919 967 2002 ῥόον
992 1910 1138 2001 Αἰσήποιο,

447 2019 518 2084 ἔνθα
542 2023 693 2106 τετίμηταί
718 2045 750 2085 τε
774 2025 821 2085 οιαὶΙ
847 2023 1023 2109 Ἀδρήστεια
1047 2025 1186 2087 καλεῖται.
1213 2065 1253 2074 --

394 2149 474 2234 Quis
499 2157 549 2214 est
572 2150 757 2216 Adrastus?
804 2153 876 2217 Rex
901 2149 1041 2234 Argivus
1065 2154 1176 2236 quiin
1200 2154 1382 2220 Thebarum
1407 2153 1459 2219 oh-

286 2255 409 2320 sidioue
433 2257 577 2322 omnibus
601 2259 694 2323 sooiis
717 2257 895 2324 interfectis
919 2260 987 2342 ipse
1015 2261 1160 2343 quamvis
1193 2263 1322 2326 studeat
1346 2261 1458 2326 ‘saturn

286 2361 425 2442 effugere
460 2366 592 2447 nequit,
628 2371 758 2430 eterra
782 2368 863 2432 enim
894 2385 958 2431 una
986 2387 1056 2433 ourn
1086 2369 1175 2450 equis
1204 2367 1357 2433 obruitur.
1406 2368 1460 2433 Sio

286 2474 371 2536 oerte
394 2474 515 2550 poetae.
564 2471 628 2538 Sed
652 2474 767 2539 oolitur
790 2475 871 2540 idem
897 2473 1031 2557 Sicyone
1054 2494 1117 2540 non
1141 2475 1251 2557 parvis
1275 2475 1457 2552 honoribus,

285 2576 384 2642 habet
407 2579 489 2642 enim
519 2577 622 2648 θυσίας
650 2578 696 2640 καὶ
731 2579 820 2663 ὁρτάς
854 2581 988 2663 (Herod.
1007 2584 1038 2645 V
1057 2579 1122 2664 67),
1159 2601 1231 2648 uam
1267 2581 1291 2642 οἱ
1314 2578 1459 2641 Σικυώνιοι

286 2679 419 2743 εἰίιθεσαν
444 2685 608 2766 μεγαλωστὶ
631 2692 726 2770 κάρτα
750 2695 833 2768 τιμᾶν
856 2686 904 2747 τὸν
914 2683 1078 2771 ’Ἄδρηστον
1104 2737 1110 2748 .
1138 2736 1143 2748 .
1171 2736 1177 2748 .
1202 2694 1238 2747 τά
1261 2708 1292 2748 τε
1317 2685 1352 2768 δὴ
1378 2685 1458 2747 thia

285 2790 310 2850 οἱ
332 2787 480 2851 Σικυώνιοι
504 2790 615 2875 ε’τίμεον
652 2793 699 2853 τὸν
727 2789 905 2878 Ἄδρηστον,
941 2793 988 2855 καὶ
1022 2793 1057 2877 δὴ
1093 2794 1161 2878 πρὸς
1193 2795 1229 2854 τοὶ
1253 2793 1350 2855 πάθεα
1374 2792 1458 2854 αὐτοῦ

287 2905 438 2982 τραγικοῖσι
473 2907 579 2984 γοροῖσι
612 2899 764 2984 ἐγέραιρον,
805 2900 853 2961 τὸν
892 2898 943 2983 μὲν
968 2901 1099 2962 Διόνυσον
1124 2900 1154 2962 οὐ
1177 2901 1331 2983 τιμέοντες,
1355 2899 1402 2960 τὸν
1426 2897 1458 2960 δὲ

279 3002 452 3089 Ἄδρηστον.
501 3009 584 3093 Quid
610 3015 715 3074 antem
740 3017 789 3074 est
813 3011 844 3075 in
869 3030 905 3076 eo
930 3010 985 3093 qui
1008 3011 1076 3092 ipse
1102 3009 1212 3075 ‘fatum
1243 3009 1381 3089 effugere
1405 3029 1457 3074 ne·

286 3111 376 3198 quit',
411 3117 493 3197 quod
530 3121 621 3181 tauta
656 3118 871 3183 veneratione
896 3119 1029 3197 colatur,
1067 3118 1152 3201 qnid,
1177 3118 1263 3200 quod
1286 3122 1459 3198 petatura

286 3223 345 3288 deo
374 3243 415 3287 ex
448 3223 548 3304 ipsius
579 3225 712 3288 nominis
740 3226 856 3290 indicio
885 3231 949 3288 tarn
978 3223 1121 3305 ignavo?
1146 3259 1186 3268 *-
1213 3222 1355 3290 Solvitur
1381 3226 1459 3290 haeo

287 3330 461 3395 difficultas
505 3332 543 3395 iis
584 3351 665 3414 quae
700 3333 947 3414 subsequuntur.
1007 3329 1172 3398 Abolesoit
1205 3333 1287 3397 enim
1325 3333 1458 3396 Adrasti

286 3439 401 3517 auitae,
432 3440 575 3504 suooedit
603 3441 790 3522 Melanippi,
821 3441 910 3506 euius
944 3459 1057 3505 nornen
1086 3444 1118 3505 et
1146 3441 1220 3523 equi
1249 3439 1403 3506 attributo
1427 3447 1459 3504 et

285 3545 390 3610 eolore
414 3547 486 3626 equi
512 3546 678 3612 infernalis
702 3548 752 3612 dei
777 3567 846 3612 esse
862 3551 972 3629 aperte
988 3549 1220 3630 comprobatur.
1270 3549 1346 3612 Alia
1361 3549 1459 3629 igitur

286 3654 335 3718 vis
359 3654 497 3734 genuina
526 3660 575 3719 est
609 3656 742 3719 Adrasti
772 3655 906 3720 nominis
924 3677 930 3717 :
949 3674 1012 3720 non
1037 3655 1075 3719 ‘is
1105 3656 1159 3738 qui
1188 3653 1328 3736 effugere
1357 3654 1458 3720 fatum

287 3781 347 3826 nou
365 3758 543 3843 potest'**)
571 3781 643 3828 vere
667 3766 715 3827 est
738 3761 911 3828 inferorum
936 3763 1023 3839 deus
1048 3765 1103 3828 sed
1129 3764 1164 3827 ‘is
1189 3763 1328 3845 quinon
1354 3765 1460 3842 potest

286 3866 404 3949 effugi.
453 3869 545 3954 Quae
569 3869 704 3934 nominis
721 3870 770 3934 vis
794 3875 829 3934 ut
845 3869 878 3935 iu
894 3871 981 3935 illam
999 3871 1078 3935 adeo
1094 3871 1287 3935 contrariam
1305 3873 1458 3948 transeat,

285 3975 323 4040 fit
347 3996 417 4042 oum
442 3978 578 4042 notionis
595 3976 805 4056 ambiguitate
830 3986 895 4041 turn
921 3996 958 4041 ea
981 3997 1016 4042 re
1040 3979 1125 4060 quod
1142 3977 1314 4043 inferorum
1331 3978 1460 4042 numina

287 4082 355 4147 fere
379 4102 502 4164 semper
525 4103 587 4149 non
611 4083 854 4162 oiroumsoripta
869 4087 1020 4148 tenentur
1036 4083 1211 4150 inferorum
1229 4085 1320 4164 regni
1344 4083 1460 4152 finibus

393 4279 418 4341 *)
434 4273 599 4350 Ἀδράστεια
627 4270 671 4328 οὖν
697 4279 815 4344 Νέμεσις,
843 4275 896 4328 ἀπὸ
919 4273 1080 4347 Ἀδράστου.
1126 4275 1169 4328 ἐπὶ
1194 4281 1247 4330 τῶν
1264 4277 1395 4347 πρότερον
1412 4276 1461 4344 μὲν

286 4363 535 4434 εὒὸαιμονησάντων,
554 4365 661 4445 ,ὕστερον
696 4362 723 4417 δὲ
759 4363 978 4432 δυστυχησάντων·
1006 4369 1059 4418 τιῖν
1084 4366 1138 4437 γαρ
1165 4365 1310 4436 α’ντογὸνων
1337 4367 1461 4435 Θηβαίοις

287 4453 544 4525 Ιἑτιοτρατετσοίντιον
561 4455 640 4523 μόνος
659 4450 797 4525 Αἰγιαλεὺς
815 4452 943 4507 dadino
958 4452 1113 4527 Ἀδράστου
1130 4457 1200 4511 παῖς.

394 4547 437 4615 **)
457 4548 491 4610 of.
505 4548 627 4618 Usener:
649 4549 776 4618 Adrastos
790 4550 843 4610 und
857 4547 1033 4624 Amphiaraos
1053 4548 1177 4614 (Wiener
1190 4547 1267 4610 S..-B.
1282 4550 1333 4607 137
1347 4547 1389 4604 111
1405 4547 1457 4611 371,
