3384 5134
769 309 989 369 ..25-

292 481 385 565 λαηηα
410 481 558 565 ὠνόμασε,
576 481 663 567 κέρας
686 468 772 552 έταξε
790 469 881 552 δεξιον
905 480 952 543 καῖΙ
974 481 1064 543 λαιόν.
1111 481 1204 564 ταάτη
1231 505 1273 545 τοι
1288 481 1345 569 ἄρα
1362 506 1464 570 κερασ-

293 592 378 674 φόρον
405 589 454 652 τὸν
482 587 568 650 Πᾶνα
591 587 801 672 δημιουργοῦσιν
816 637 822 649 .
837 589 916 650 ἀλλά
940 587 975 672 λη
1000 589 1046 650 καὶ
1074 595 1186 673 πρῶτος
1213 585 1298 658 οὗτος
1323 591 1465 674 πολεμίοις

293 697 380 781 φοβον
417 695 543 779 ἐνέβαλε
586 697 669 780 caelu
705 696 752 756 rori
785 696 878 780 τέχνη
895 689 952 778 ,ἦν
969 694 1018 731 **
1043 695 1167 781 Διονύσῳ
1197 697 1228 757 εἶν
1254 697 1336 779 κοίλη
1360 706 1463 782 νάπη·

293 801 429 886 ἤηηειλαν
456 805 479 864 οἱ
503 805 599 866 σκοποὶ
622 805 724 887 μορὶαν
756 813 839 889 χεῖρα
868 804 1012 885 πολεμίοιν
1046 804 1179 867 ἐπέκεινα
1208 805 1462 891 στρατοπεδεύειν·

294 910 385 973 ἔλειπε
410 913 552 984 Διόνυσος,
577 911 608 973 ob
633 912 689 995 μὴν
714 911 730 972 ὃ
751 934 781 993 ηε
808 911 882 982 llas,
908 911 988 974 ἀλλὰ
1013 912 1142 995 ἐσημηνε
1166 913 1275 998 νύκτωρ
1307 935 1343 997 τη
1372 915 1465 975 Διονυ-

293 1023 380 1101 ornari
404 1024 522 1104 στρατιᾷ
548 1009 701 1091 ἀλαλάξαι
725 1021 852 1102 μέριστον
871 1071 877 1085 .
895 1020 919 1080 οἱ
943 1018 997 1101 μὲν
1036 1011 1206 1102 ἠλάλαξαν,
1241 1023 1410 1106 άντηχησαν
1434 1019 1465 1084 δέ

294 1128 321 1186 αἱ
344 1127 443 1212 πέτραι
467 1127 513 1188 καὶ
541 1127 569 1188 τὸ
593 1127 687 1188 κοῖλον
710 1133 763 1210 της
786 1135 879 1208 νάπης
902 1119 974 1211 ἦχον
1007 1123 1110 1211 πολλῷ
1145 1129 1282 1210 μείζονος
1312 1127 1466 1211 δυνάμεως

292 1241 351 1304 τοῖς
383 1234 527 1316 πολεμίοις
562 1234 726 1317 ἐνεποίησεν
742 1285 747 1296 ,
762 1235 785 1295 οἱ
823 1233 874 1317 μὲν
898 1234 933 1317 δὴ
957 1234 1039 1320 ‹eollo›
1063 1235 1222 1317 πληηέντες
1247 1233 1374 1320 έρεοηον,
1422 1237 1464 1304 ef,

293 1345 372 1410 Luo.
396 1345 513 1409 Bacch.
540 1352 570 1408 4.
637 1339 638 1342 ’

400 1467 463 1534 Sed
487 1471 563 1552 quid
588 1471 648 1536 hoc
671 1473 711 1535 ad
728 1472 842 1536 Jovem
859 1469 1041 1554 bellumque
1059 1470 1270 1536 Titanorum?
1318 1475 1466 1552 Apparet

293 1579 324 1642 id
348 1597 389 1642 ex
414 1577 451 1641 iis
477 1597 560 1660 quae
584 1580 717 1660 legimus
743 1597 784 1642 ex
810 1579 1023 1643 Eratosthene
1048 1578 1194 1644 exhibita
1217 1580 1249 1643 in
1273 1581 1361 1664 Hyg.
1387 1583 1464 1646 astr.

294 1685 405 1748 1123:
431 1685 572 1750 ‘Dicitur
595 1687 690 1750 etiam
722 1687 784 1750 alia
807 1686 941 1750 historia
971 1687 1010 1750 de
1045 1686 1161 1751 asellis.
1209 1687 1255 1754 Ut
1279 1689 1324 1752 ait
1347 1689 1463 1753 Erato·

293 1792 432 1869 sthenes,
450 1811 511 1874 quo
535 1797 678 1872 tempore
694 1794 858 1874 luppiter,
883 1793 966 1858 bello
988 1793 1172 1874 gigantibus
1195 1795 1324 1874 indicto,
1349 1797 1389 1860 ad
1413 1814 1465 1860 eos

293 1900 523 1980 oppugnandos
547 1919 653 1964 omnes
678 1903 752 1966 deos
773 1905 992 1979 convocasset,
1018 1901 1141 1966 venisse
1157 1901 1307 1967 Liberum
1332 1907 1465 1982 patrem,

293 2003 482 2084 Vulcanum,
508 2005 647 2089 Satyros,
674 2005 799 2073 Silenos
827 2008 935 2072 asellis
967 2013 1084 2072 vectos.
1110 2009 1165 2089 qui
1193 2027 1263 2074 cum
1287 2027 1349 2074 non
1375 2009 1467 2090 longe

294 2113 334 2177 ab
359 2114 503 2178 hostibus
528 2114 686 2194 abessent,
712 2115 862 2179 dicontur
886 2115 975 2180 aselli
999 2115 1202 2198 pertimuisse
1227 2117 1328 2181 etita
1352 2135 1409 2197 pro
1433 2134 1467 2181 se

294 2221 428 2302 quisque
452 2241 599 2302 magnum
624 2223 793 2288 clamorem
819 2228 851 2286 et
871 2222 1048 2286 inauditum
1072 2222 1258 2303 gigantibus
1283 2223 1407 2303 fecisse,
1432 2229 1468 2288 ut

294 2346 401 2393 omnes
436 2329 544 2393 hostes
581 2348 686 2394 eorum
722 2329 859 2394 clamore
894 2331 925 2394 in
960 2328 1068 2408 fugam
1092 2348 1126 2393 se
1150 2329 1342 2395 coniecerint
1366 2331 1467 2396 etita

294 2436 357 2500 sint
381 2437 543 2517 superati'.

406 2545 613 2608 Admiscetur
649 2544 700 2609 hio
735 2545 919 2610 notissimae
954 2541 1000 2607 illi
1037 2542 1166 2608 tabulae
1201 2563 1265 2626 qua
1303 2545 1466 2610 Vulcanus

294 2649 396 2714 fertur
418 2651 450 2714 in
476 2649 646 2732 Olympum
671 2652 820 2716 introisse
851 2654 1071 2731 argumentum
1102 2651 1168 2715 cius
1193 2652 1361 2716 memoriae
1385 2671 1467 2734 quae

294 2760 342 2821 est
366 2759 405 2820 de
428 2759 548 2823 Bacchi
572 2759 793 2838 sociorumque
816 2757 901 2824 bello
927 2763 959 2821 et
982 2759 1126 2832 victoria,
1156 2760 1245 2824 cuius
1270 2759 1373 2840 gloria
1395 2778 1465 2824 cum

293 2865 324 2928 id
349 2868 464 2944 agatur
489 2869 523 2930 ut
546 2866 727 2947 explicetur
753 2866 933 2930 Asellorum
958 2866 1045 2930 sidus
1069 2866 1138 2930 inre
1170 2866 1321 2931 tribuitur
1350 2867 1465 2931 asellis

294 2973 379 3057 Quid
413 2973 511 3054 igitur
545 2973 655 3036 mirum
693 2973 776 3056 quod
800 2974 831 3036 in
857 2973 1047 3054 explicando
1072 2971 1257 3054 Capricorni
1283 2973 1406 3044 nomine
1430 2993 1467 3038 ac

293 3079 419 3144 notione
444 3081 550 3144 eodem
575 3079 643 3144 iure
666 3081 805 3146 eiusdem
824 3081 977 3146 victoriae
994 3082 1089 3146 decus
1105 3080 1287 3144 vindicatur
1304 3080 1357 3144 alii
1374 3099 1466 3163 quom

293 3188 436 3251 novimus
460 3187 581 3253 Bacchi
605 3189 688 3254 socio
713 3193 745 3252 et
768 3189 884 3269 legato,
910 3186 1013 3253 Pani?

399 3313 500 3378 Deest
523 3315 653 3380 cochlea
669 3319 803 3379 tantum.
851 3314 915 3381 Seu
940 3333 979 3378 ne
1003 3316 1041 3379 de
1065 3315 1125 3378 hac
1149 3314 1274 3395 quidem
1300 3313 1352 3377 diu
1377 3312 1466 3377 dubi-

293 3420 441 3486 tabimus.
490 3423 602 3503 Pergit
626 3423 707 3486 euim
731 3423 882 3504 Hyginus
907 3422 925 3484 l.
945 3441 971 3486 c.
997 3421 1102 3485 ‘huius
1126 3421 1236 3484 similis
1261 3423 1310 3484 est
1334 3419 1468 3484 historia

293 3531 332 3593 de
357 3529 471 3595 bucino
495 3531 642 3594 Tritonis.
691 3527 776 3594 Nam
802 3530 829 3593 is
854 3548 980 3612 qnoque
1004 3527 1116 3606 fertur,
1149 3547 1218 3594 cum
1244 3528 1395 3594 concham
1419 3529 1466 3592 in-

293 3642 420 3702 ventam
457 3643 657 3716 excavasset,
693 3656 799 3702 secum
836 3637 875 3699 ad
910 3636 1061 3716 gigantas
1097 3635 1209 3700 tulisse
1232 3639 1263 3698 et
1287 3634 1332 3698 ibi
1356 3653 1465 3699 sonum

293 3745 450 3828 quendam
474 3746 651 3810 inauditum
676 3763 731 3823 per
755 3745 907 3810 concham
932 3743 1058 3807 misisse
1067 3760 1075 3825 3
1100 3744 1207 3806 hostes
1224 3746 1328 3806 autem
1347 3741 1467 3806 veritos

293 3872 332 3916 ne
356 3872 419 3934 qua
444 3859 528 3917 esset
551 3853 694 3916 immanis
718 3850 788 3914 fera
813 3850 854 3914 ab
880 3849 1071 3914 adversariis
1096 3849 1244 3929 adducta,
1269 3850 1359 3913 cuius
1384 3854 1468 3913 esset

292 3961 347 4024 ille
371 3961 520 4040 mugitus,
546 3959 644 4040 fugae
668 3977 702 4022 se
727 3959 903 4035 mandasse,
929 3963 961 4021 et
984 3957 1029 4020 ita
1053 3957 1156 4020 victos
1188 3957 1219 4020 in
1249 3957 1387 4021 hostium
1412 3976 1466 4038 po·

293 4071 441 4132 testatem
466 4066 670 4149 pervenisse’.

400 4176 463 4239 Per
498 4182 563 4239 tres
597 4174 698 4253 igitur
732 4174 790 4237 has
826 4171 954 4236 fabulas
989 4178 1149 4252 tamquam
1175 4191 1232 4252 per
1256 4172 1374 4251 gradus
1398 4173 1467 4235 Pan

293 4285 438 4350 ascendit
473 4284 513 4348 ad
550 4303 604 4347 eas
639 4285 747 4364 partes
784 4300 865 4364 quas
902 4282 986 4360 apud
1023 4279 1410 4346 Pseudo-Eratosthenem
1435 4279 1467 4342 in

292 4394 475 4463 Titanorum
502 4391 584 4456 bello
609 4391 685 4471 agit·
1283 4469 1285 4474 ,

399 4499 463 4568 Sed
496 4499 594 4570 nihil
629 4497 704 4567 hnic
726 4496 808 4566 Pani
833 4515 902 4562 esse
928 4515 998 4568 oum
1022 4495 1118 4568 lovis
1140 4495 1194 4565 illo
1220 4493 1379 4565 Arcadico
1404 4493 1465 4558 col·
