3384 5134
807 293 1021 360 ...50..

436 485 528 558 Haec
552 495 657 557 antem
680 491 766 558 notio
791 511 872 574 quae
897 494 937 558 ad
961 491 1080 558 inferos
1104 492 1243 573 pertinet
1266 493 1399 558 multum
1427 493 1502 558 milri

328 601 501 665 contulisse
517 600 654 680 videtur,
672 603 708 664 ut
732 600 840 665 Diana
857 598 1054 666 Graecorum
1079 619 1150 666 curn
1178 601 1323 666 Asiatica
1347 604 1407 667 dea
1426 622 1499 668 con-

328 707 522 789 iungeretur.
581 709 689 773 Prima
727 709 809 772 enim
845 708 900 772 illa
936 708 1041 773 Diana
1075 703 1189 788 meoq
1226 709 1388 774 Asiaticae
1423 711 1500 778 deae

330 815 467 880 occurrit
484 836 490 877 :
507 815 562 880 illa
587 815 670 880 enim
694 811 847 894 Κιθωνέης
870 817 994 880 nomine
1011 814 1184 898 (Hesycb.)
1201 817 1306 880 Mileti
1324 817 1502 899 antiquitus

328 921 493 987 colebatur
516 919 626 1004 (schol.
644 919 725 988 Call.
743 924 774 986 h.
792 923 824 986 in
840 923 916 988 Jov.
936 920 990 1004 77)
1015 921 1098 988 festo
1122 924 1174 988 cui
1203 942 1316 990 nomen
1348 927 1417 989 erat
1441 919 1502 1003 Nq-

328 1025 395 1108 ληίς
418 1027 515 1108 (Plut.
533 1031 572 1094 de
587 1030 661 1094 mul.
679 1030 753 1094 virt.
772 1026 861 1110 253).

418 1186 518 1272 Atqui
528 1189 673 1272 profecto
683 1191 715 1254 in
728 1188 866 1256 Graecia
875 1185 992 1270 Χιιώνῃ
1001 1191 1127 1258 Dianae
1139 1191 1208 1272 apis
1219 1193 1376 1257 notionem
1390 1192 1503 1256 adhae-

329 1297 407 1362 sisse
425 1316 467 1362 ex
487 1297 644 1363 Herodoti
662 1299 702 1362 de
720 1298 889 1363 Periandri
909 1317 1009 1364 uxore
1028 1298 1210 1363 narratione
1228 1302 1371 1380 apparet,
1393 1300 1503 1382 inqua

329 1405 481 1486 antiquae
496 1405 729 1488 mythologicae
745 1405 908 1486 opiniones
924 1406 956 1469 in
974 1403 1104 1470 fabulae
1120 1406 1223 1470 vel-
1240 1408 1276 1470 ut
1292 1406 1392 1470 nostri
1406 1406 1503 1471 homi-

329 1530 385 1575 nes
409 1511 582 1577 dicunt-
613 1513 758 1577 novellae
788 1511 921 1578 formam
954 1515 1187 1593 permutantur,
1217 1513 1263 1576 ita
1291 1517 1398 1578 tamen
1428 1518 1463 1578 ut
1487 1535 1504 1578 e

328 1618 451 1684 lacunis
476 1622 508 1684 et
532 1619 619 1684 nmis
643 1620 837 1686 narrationis
861 1620 981 1700 ubique
1004 1621 1180 1703 mythicum
1203 1621 1283 1685 illud
1307 1621 1504 1687 transluceat

329 1725 578 1792 fundamentum.
652 1725 744 1810 Quod
796 1732 831 1792 ut
872 1729 1100 1809 demonstrem,
1136 1727 1278 1793 fabulam
1314 1729 1399 1793 illam
1435 1749 1503 1810 per·

329 1832 507 1899 scrutabor.

436 1977 612 2043 Periander
644 1978 808 2042 Melissam
843 1997 974 2044 uxorem
1006 1977 1168 2045 interfecit
1198 1976 1333 2062 (Herod.
1355 1977 1409 2044 ΙΙΙ
1431 1983 1502 2057 50);

329 2084 384 2147 sed
408 2103 511 2167 neque
534 2085 697 2166 paenitere
721 2105 790 2150 enm
815 2083 894 2150 facti
918 2104 1021 2167 neque
1046 2087 1155 2150 uxoris
1180 2086 1285 2151 anima
1309 2106 1429 2152 vexare
1454 2087 1500 2150 vi·

329 2192 437 2271 detur;
462 2193 643 2274 impavidus
667 2195 829 2274 tamquam
853 2193 879 2256 si
903 2193 981 2257 nihil
1005 2194 1203 2258 commissum
1236 2198 1321 2258 esset
1354 2194 1394 2258 ad
1418 2195 1500 2258 'lhe-

329 2299 468 2377 sprotiae
497 2281 690 2364 mortuoru'rm
715 2300 877 2365 oraculum
912 2300 1021 2380 mitti,
1057 2318 1119 2364 non
1152 2304 1188 2364 ut
1210 2320 1319 2366 manes
1343 2302 1501 2382 expiaret,

329 2405 385 2470 sed
421 2409 456 2469 ut
491 2424 533 2470 ex
569 2405 679 2471 uxoris
713 2407 880 2471 simulacro
917 2411 1095 2489 quaereret,
1132 2406 1187 2472 ubi
1212 2392 1321 2488 Εεινικὴ
1347 2410 1501 2489 quaedam

328 2510 559 2594 respondendam
584 2514 709 2592 lateret,
734 2516 767 2578 et
790 2517 856 2578 tum
882 2515 1019 2578 manime
1043 2515 1153 2578 mirum
1173 2535 1179 2577 :
1198 2515 1275 2580 nihil
1308 2515 1440 2580 Melissa
1464 2516 1502 2579 de

329 2619 535 2686 interfectore
559 2621 711 2703 queritur,
737 2622 815 2685 nihil
840 2629 983 2698 accusat;
1008 2641 1043 2686 se
1059 2623 1164 2703 rigere
1180 2623 1260 2687 dicit
1274 2624 1500 2703 tantummodo,

334 2762 368 2770 —
387 2732 502 2794 'vestes
525 2728 607 2793 enim
631 2749 713 2811 quae
737 2729 830 2793 simul
853 2730 1000 2794 conditae
1023 2733 1131 2793 essent
1146 2748 1208 2794 non
1224 2749 1293 2795 esse
1309 2730 1501 2795 combustas.

330 2832 456 2918 Quibus
492 2834 598 2900 vorbis
633 2837 772 2918 acceptis
807 2837 986 2917 proximum
1021 2841 1100 2916 erat,
1136 2857 1219 2919 quae
1242 2838 1388 2917 neglecta
1411 2841 1503 2901 erant

330 2941 447 3021 faeere,
472 2947 580 3007 vestes
603 2943 695 3007 simul
719 2944 863 3008 conditas
888 2963 982 3026 quam
1008 2944 1171 3009 celerrime
1195 2945 1394 3026 comburere;
1419 2945 1501 3027 quod

330 3049 456 3114 minime
489 3048 567 3115 iacit
596 3050 783 3129 Periander,
817 3051 911 3115 immo
941 3085 974 3094 -
1003 3051 1086 3133 quod
1117 3050 1268 3116 Melissae
1293 3052 1393 3117 verba
1415 3053 1502 3116 nullo

329 3157 420 3222 modo
432 3162 560 3222 monent
575 3194 614 3204 -
628 3175 734 3222 omnes
742 3154 964 3222 Corinthiacas
975 3158 1123 3222 mulieres
1137 3159 1279 3223 vestibus
1293 3159 1369 3223 exui
1382 3165 1502 3224 vestes·

330 3283 392 3347 que
415 3263 558 3329 comburi
581 3263 677 3328 iubet.
726 3263 797 3347 Quo
832 3263 917 3330 facto
946 3265 1079 3329 Melissa
1103 3266 1231 3344 placata
1255 3267 1434 3345 respondet.
1462 3301 1498 3310 —

329 3371 463 3437 Minoris
486 3371 585 3453 igitur
608 3372 756 3436 momenti
780 3391 843 3436 nex
860 3371 1077 3438 -oblivione
1103 3373 1183 3436 enim
1208 3372 1352 3438 obruitur
1376 3407 1428 3452 -,
1448 3374 1503 3437 mi-

329 3479 414 3544 noris
426 3479 575 3544 momenti
586 3484 692 3544 vestes
705 3479 799 3543 simul
812 3480 958 3545 conditae
972 3480 1123 3544 —semel
1140 3480 1222 3543 enim
1241 3484 1502 3544 commemoratae

329 3585 455 3650 silentio
479 3589 722 3667 praetereuntur
747 3603 803 3667 —;
827 3587 940 3652 summi
974 3586 1124 3652 momenti
1155 3586 1239 3668 quod
1265 3588 1395 3651 Melissa
1419 3587 1504 3668 apud

330 3691 451 3758 inferos
475 3699 622 3760 versatur·
658 3696 827 3775 vestesque
856 3695 884 3758 ei
920 3693 1151 3760 sacrificantur.
1200 3692 1235 3758 Si
1259 3695 1310 3758 vel
1333 3694 1407 3758 inde
1431 3711 1503 3758 con-

330 3801 457 3865 cludere
481 3800 556 3865 licet
579 3819 641 3864 non
666 3801 717 3882 agi
750 3801 789 3863 de
818 3799 944 3866 mortali
972 3801 1111 3874 muliere,
1137 3800 1287 3864 Melissae
1318 3801 1442 3865 nomine
1472 3804 1504 3865 et

330 3908 465 3972 vestium
499 3907 656 3972 sacrificio
692 3908 799 3986 opinio
835 3911 945 3974 nostra
978 3913 1099 3973 certam
1134 3908 1167 3972 in
1196 3911 1319 3988 partem
1349 3907 1502 3982 flectitur;

330 4016 386 4080 sed
409 4020 445 4079 ut
468 4015 551 4079 omni
576 4015 775 4080 dubitatione
800 4015 977 4096 liberemur,
1004 4035 1046 4080 ex
1070 4016 1243 4081 Heraclide
1263 4016 1399 4081 Pontico
1423 4035 1505 4081 com-

331 4123 468 4201 perimus
492 4121 643 4186 Melissae
668 4121 754 4186 alind
778 4141 906 4204 qunque
930 4141 1044 4188 nomen
1069 4121 1186 4188 fuisse:
1211 4119 1323 4202 noea-r,
1349 4123 1416 4198 (Di.
1443 4122 1502 4186 La.

330 4229 348 4293 I
366 4236 395 4309 7,
413 4233 455 4292 94
472 4247 542 4312 sqq.
568 4224 743 4311 Περίανδρος
769 4225 904 4311 Κυψέλου
931 4225 1079 4313 Κορίνθιος
1102 4229 1155 4290 ἀπὸ
1171 4234 1219 4288 tob
1235 4234 1291 4288 τῶν
1306 4223 1505 4312 Ἡρακλειδῶν

329 4333 426 4417 γένους
443 4383 449 4395 .
467 4329 548 4402 οὗτος
569 4332 665 4417 γήμας
689 4333 823 4416 Λυσίδην,
848 4331 884 4416 ἣν
910 4334 994 4403 αὐτὸς
1011 4333 1163 4396 Μέλισσαν
1181 4335 1291 4417 ἐκάλει)
1302 4354 1311 4420 ;
1336 4338 1428 4403 cuius
1452 4356 1506 4402 no-

331 4444 423 4510 minis
446 4463 638 4528 quamquam
662 4444 769 4508 exitus
793 4443 884 4508 nihili
908 4446 966 4520 est,
992 4441 1069 4503 λύειν
1091 4451 1197 4510 tamen
1215 4446 1307 4509 radix
1330 4444 1411 4510 bene
1435 4464 1503 4528 per-
