3384 5134
779 1031 912 1134 Caput
941 1033 994 1110 lll.

655 1357 738 1459 De
775 1355 975 1460 Melissa
1011 1357 1117 1460 dea

403 1608 559 1687 Juppiter
589 1607 696 1672 iulans
724 1628 742 1671 a
773 1613 875 1671 matre
903 1615 1119 1688 econspeetu
1153 1610 1337 1675 insidiantis
1370 1612 1474 1692 patris

298 1713 426 1777 ablatus
449 1715 534 1794 quod
557 1715 627 1778 sire
650 1714 692 1778 ab
722 1716 838 1795 apibus
867 1716 946 1794 ipsis
976 1717 1092 1796 tl'erg.
1109 1735 1217 1797 georg.
1235 1716 1287 1779 lv
1308 1724 1368 1782 149
1385 1718 1472 1800 sqq.)

297 1822 366 1885 sire
398 1840 417 1884 a
451 1822 599 1903 nymphis
634 1821 774 1900 (Gallim.
800 1823 832 1885 h.
855 1822 1049 1888 i.J0v.1o:
1082 1828 1224 1898 lli-54,
1253 1821 1474 1902 Diode)

297 1928 390 1991 melle
413 1929 554 1992 nutritus
577 1949 647 1993 esse
670 1931 796 2007 dieitur,
822 1930 897 1993 nihil
923 1929 1058 2008 mimm;
1087 1949 1190 2010 neque
1222 1932 1305 1994 enim
1329 1951 1471 1996 summus

297 2035 376 2097 dens
407 2035 469 2100 hae
496 2037 528 2099 in
557 2035 668 2100 fabula
701 2037 789 2100 aliud
822 2037 996 2118 quidquam
1019 2037 1143 2116 patitur
1165 2046 1263 2119 atque
1286 2039 1393 2120 quivis
1417 2059 1473 2104 ex·

297 2143 420 2222 positus
444 2144 574 2207 deorum
598 2149 653 2207 aut
677 2144 807 2208 heroum
825 2143 951 2208 filiolus.
976 2144 1032 2226 qui
1047 2162 1106 2225 pro
1121 2151 1265 2209 materno
1280 2145 1364 2210 laete
1380 2147 1473 2210 melle

298 2248 405 2325 alitur,
440 2251 530 2314 velut
566 2251 714 2316 Bacchus
742 2271 760 2315 a
791 2252 935 2316 Maeride
972 2250 1114 2314 Aristaei
1147 2249 1215 2314 filia
1248 2254 1309 2316 mel
1345 2253 1472 2334 aecipit.

299 2357 387 2419 velut
416 2375 493 2438 apes
519 2359 652 2422 Meliteo
682 2359 808 2423 deserto
839 2360 944 2422 cibum
973 2361 1156 2439 apportant,
1185 2359 1290 2440 quoad
1322 2360 1473 2441 Phagrus

298 2463 390 2527 homo
413 2465 590 2530 misericors
612 2485 683 2530 eum
707 2467 832 2546 recipit,
856 2463 979 2544 θέμενος
1002 2456 1085 2546 αὐτῷ
1112 2461 1248 2523 Μελιτέα
1275 2461 1373 2545 imno,
1406 2464 1473 2525 διότι

298 2566 349 2628 ὑπὸ
372 2568 520 2650 μελισσῶν
544 2569 667 2655 ἐτράφη.

403 2679 478 2743 Hae
510 2679 640 2745 fabulae
670 2700 773 2763 neque
800 2681 855 2745 uui
888 2699 1043 2762 personae
1073 2699 1115 2744 ex
1150 2681 1274 2760 origine
1296 2681 1473 2745 adhaerent

297 2805 400 2866 neque
424 2792 533 2852 certae
556 2808 660 2853 rerum
684 2790 777 2853 seriei
800 2795 875 2853 sunt
906 2790 1077 2853 intextae:
1095 2789 1287 2871 ubicumque
1315 2789 1362 2852 eis
1384 2789 1473 2854 loeus

297 2901 346 2957 est
368 2894 511 2972 idoneus,
534 2897 628 2978 quasi
651 2901 766 2978 sponte
790 2899 943 2962 advolant
966 2904 998 2960 et
1023 2896 1171 2976 quamuis
1194 2897 1331 2960 diuersis
1353 2915 1388 2960 se
1413 2915 1469 2977 ap-

296 3001 419 3080 plicant
447 3004 592 3083 personis
623 3003 789 3086 rebusque.
838 3004 910 3088 Quo
938 3003 974 3067 fit
999 3008 1032 3067 ut
1056 3021 1147 3084 opem
1171 3004 1292 3066 nullam
1315 3001 1401 3067 ferre
1423 3003 1471 3066 ri·

297 3107 434 3172 deantur
456 3111 624 3191 quaerenti
656 3130 751 3191 quam
780 3118 928 3174 vetustae
959 3115 1014 3174 aut
1039 3112 1150 3174 u'ariae
1173 3109 1303 3174 fabulae
1326 3110 1391 3173 sint
1415 3129 1473 3174 eae

296 3234 378 3297 quas
400 3225 568 3281 exornant.
615 3219 695 3281 Tum
720 3219 846 3282 demum
869 3217 1142 3298 operaepretium
1166 3223 1214 3280 est
1238 3216 1271 3280 in
1295 3217 1342 3280 eis
1365 3216 1473 3282 immo·

296 3323 360 3386 rari
395 3342 466 3388 enm
501 3323 591 3404 ipsae
625 3325 729 3388 missis
758 3325 903 3406 personis
938 3332 992 3388 aut
1018 3324 1180 3404 religionis
1203 3328 1312 3387 certae
1334 3325 1471 3404 speeiem

297 3430 385 3509 imae
418 3450 495 3512 prae
529 3451 564 3496 se
599 3431 704 3497 ferant
739 3437 796 3496 aut
828 3432 861 3496 in
892 3433 992 3496 ritum
1015 3432 1200 3513 cultumque
1224 3431 1383 3496 hominum
1406 3431 1470 3494 vim

297 3545 469 3602 exereeant
485 3541 692 3618 peculiarem
716 3541 802 3622 quod
826 3540 944 3605 accidit
966 3539 999 3603 iu
1022 3557 1060 3604 ea
1083 3557 1167 3620 qnae
1189 3539 1252 3602 iam
1276 3537 1468 3604 tractabitur

223 3693 229 3704 ,
297 3642 418 3709 fabula.

404 3754 595 3818 Lactantius
617 3757 700 3819 enim
723 3756 757 3818 in
782 3755 846 3818 dir.
862 3756 937 3819 inst.
954 3755 972 3818 Ι
990 3761 1033 3817 22
1058 3754 1137 3818 haee
1152 3760 1277 3817 narrat:
1303 3752 1473 3835 ‘Didymus

296 3860 328 3922 in
353 3861 443 3924 libris
466 3847 637 3941 ἐξηγήσεως
666 3857 839 3943 Πινδαρικῆς
873 3862 920 3926 ait
949 3861 1099 3925 Melissea
1128 3859 1330 3925 Cretensium
1365 3878 1472 3940 regem

296 3967 431 4048 primum
467 3969 516 4034 dis
549 3968 747 4035 sacrificasse
781 3988 820 4033 ae
854 3970 935 4033 ritus
969 3986 1069 4032 noros
1091 3985 1317 4047 sacrorumque
1340 3983 1473 4048 pompas

297 4076 523 4156 introduxisse,
548 4078 643 4141 huius
666 4079 746 4141 duas
771 4075 870 4140 luisse
894 4076 987 4152 filias,
1005 4073 1211 4138 Amaltheam
1235 4077 1266 4136 et
1292 4074 1469 4150 Melissam

296 4203 379 4266 quae
414 4185 530 4248 Jorem
565 4203 697 4264 puerum
733 4183 865 4266 caprino
899 4184 984 4247 laete
1018 4200 1057 4246 ae
1084 4181 1178 4244 melle
1203 4181 1374 4244 nutrierint
1391 4225 1400 4239 .
1417 4224 1426 4239 .
1443 4200 1469 4254 .;

297 4291 459 4355 llelissam
483 4311 558 4356 uero
582 4311 602 4355 a
624 4299 717 4373 patre
740 4292 874 4372 primam
897 4291 1096 4355 sacerdotem
1117 4287 1217 4352 Matri
1234 4288 1375 4368 Magnae
1398 4305 1472 4352 eon·

296 4400 452 4472 stitutum,
478 4400 561 4463 unde
591 4397 696 4464 adhue
726 4398 866 4463 eiusdem
892 4397 1005 4461 llatris
1029 4396 1193 4460 antistites
1216 4394 1369 4458 Melissae
1392 4413 1472 4458 nuu-

297 4505 477 4587 cupantur.
