3384 5134
701 339 925 408 ...25-

227 524 357 589 disertis
393 523 584 590 testimoniis
619 523 748 600 tradita,
785 522 954 588 nutricium
987 521 1114 586 nomina
1147 521 1283 595 variant,
1315 519 1404 584 velut

221 629 333 697 Oenoe
357 636 445 696 tenet
469 632 584 697 Jovern
610 629 768 696 infantem
794 649 845 710 ap.
863 631 959 694 Pans.
978 629 1067 692 VIII
1085 634 1136 702 47,
1152 635 1190 692 3:
1221 623 1401 710 εἰρηασμέναι

220 733 252 796 δὲ
289 735 332 797 ἐπὶ
367 739 410 819 τῴ
449 735 540 819 βωμῷ
575 734 757 818 (Minervae
781 735 898 813 Aleae)
931 731 1003 804 Ῥέα
1039 731 1090 815 μὲν
1126 733 1172 794 καὶ
1196 729 1282 814 Οἰνόη
1306 729 1403 816 νύμφη

219 843 307 904 παῖδα
332 841 372 904 ἔτι
395 845 492 925 νήπιον
518 842 569 903 Δία
595 839 731 927 ἔχουσιν·
751 839 934 924 ἑκατέρωθεν
958 839 989 901 δέ
1018 842 1070 901 εἰσι
1098 839 1240 923 τέσσαρες
1271 838 1401 924 ἀριθμόν,

222 949 342 1034 Γλαύκη
367 950 414 1011 καὶ
438 947 543 1010 Θεισόα
566 948 613 1010 καὶ
631 946 803 1034 Ἀνθρακία,
827 969 863 1032 τη
887 945 919 1008 δὲ
937 945 1001 1030 ”lna
1019 947 1064 1008 καὶ
1077 944 1176 1028 ιΑηνὼ
1192 947 1238 1008 καὶ
1250 943 1394 1030 Ἀλκινόη

220 1058 268 1119 καὶ
305 1048 409 1143 Φρίξα,
446 1058 536 1124 velut
570 1059 706 1125 Helicen
741 1062 774 1123 et
809 1057 1005 1142 Cynosuram
1041 1057 1140 1122 variis
1169 1077 1186 1120 e
1215 1058 1401 1122 testimoniis

221 1169 400 1249 elicuimus;
426 1186 495 1232 eam
520 1167 581 1231 iarn
606 1168 755 1231 adeamus
779 1165 959 1231 memoriam
985 1185 1080 1248 qnam
1113 1183 1211 1244 snpra
1239 1165 1334 1230 attuli
1359 1167 1398 1230 de

222 1275 428 1356 Capricorno.

208 1457 212 1464 ¹
331 1384 422 1468 Quae
446 1403 516 1450 eum
542 1382 682 1447 maxime
704 1381 831 1446 intersit
855 1384 1013 1464 quatenus
1029 1380 1192 1445 tribuatur
1207 1380 1401 1462 Epimenidi,

221 1491 349 1570 singula
373 1491 600 1555 examinemus.

330 1594 453 1678 ἐτιμήθη
479 1592 510 1656 δὲ
534 1594 579 1655 διά
603 1593 635 1656 τὸ
660 1594 818 1679 σύντροφος
843 1589 913 1654 εἶναι
936 1598 978 1676 τῷ
1003 1593 1044 1654 Διὶ
1066 1593 1199 1679 καθάπερ
1218 1592 1400 1676 Ἐπιμενίδης

222 1704 236 1764 ὁ
260 1703 296 1764 τά
320 1701 450 1787 Κρητικὰ
475 1702 593 1786 ἱστορῶν
617 1722 706 1786 φησιν
732 1699 773 1761 ὅτι
797 1699 827 1761 ἐν
851 1696 971 1783 τηἺδη
996 1707 1083 1782 σονην
1108 1701 1190 1783 anaqi
1213 1698 1259 1760 ὅτε
1278 1699 1321 1761 ἐπὶ
1336 1697 1401 1768 τοὺς

222 1809 351 1878 Τιτᾶνας
375 1808 568 1894 ἐστράτευσεν
592 1802 672 1877 οὗτος
695 1807 726 1870 δὲ
750 1830 776 1870 κ.
800 1829 826 1869 τ.
851 1807 880 1869 λ.

329 1935 437 2019 Atque
471 1937 606 2018 primum
642 1937 768 2019 quidem
796 1936 944 2018 Aegipan
981 1935 1162 2017 appellatur
1187 1936 1403 2000 collactaneus

222 2045 327 2111 Jovis.
377 2044 448 2128 Quo
471 2042 562 2109 iure?
608 2042 659 2108 An
679 2045 828 2126 Aegipan
852 2049 948 2108 natus
972 2048 1021 2108 est
1044 2045 1076 2107 in
1093 2041 1222 2110 Creta?
1259 2042 1401 2107 Minime.

223 2151 328 2218 Natus
356 2157 404 2216 est
436 2153 519 2216 inter
549 2153 705 2227 Arcades
744 2171 876 2236 qnorum
901 2154 1060 2231 deusest,
1085 2153 1117 2215 in
1143 2151 1250 2217 eodem
1277 2153 1403 2234 Lycaeo

223 2261 329 2325 monte
363 2257 419 2341 (cf.
445 2259 538 2324 Pind.
575 2277 625 2340 ap.
662 2258 752 2324 Serv.
791 2260 831 2323 ad
866 2261 965 2339 Verg.
1004 2257 1122 2338 Georg.
1148 2260 1166 2323 I
1193 2255 1269 2336 lio)
1306 2262 1403 2341 atque

222 2367 385 2448 Iuppiter,
423 2367 564 2430 nutritus
588 2370 637 2430 est
661 2366 702 2431 ab
727 2367 839 2431 eadem
865 2364 975 2431 Oenoe
998 2366 1139 2448 nympha
1175 2363 1287 2447 (Paos.
1314 2365 1402 2429 VIII

225 2479 276 2552 30,
291 2473 333 2554 3).
381 2475 434 2538 Ac
463 2493 503 2538 ne
536 2474 657 2538 somnia
686 2473 745 2538 tibi
774 2472 920 2555 proferre
949 2474 1061 2538 videar
1089 2475 1159 2538 rato
1190 2474 1309 2537 nullam
1334 2492 1403 2537 esse

223 2581 403 2646 memoriam
428 2580 461 2644 in
485 2577 627 2647 Arcadia
649 2582 764 2648 Jovem
789 2601 808 2644 a
832 2601 930 2662 capra
953 2581 1108 2646 nutrItum
1134 2601 1217 2646 esse:
1244 2599 1317 2646 ecoe
1343 2600 1401 2645 rne-

223 2689 322 2752 moria
357 2690 467 2752 exstat
501 2688 868 2754 inschol.Arat.156:
906 2683 975 2747 ὁθὲ
1000 2686 1092 2768 μῦθος
1121 2685 1211 2755 οὕτως
1235 2683 1296 2770 ἔχει
1319 2683 1401 2768 doh

223 2781 277 2864 At}
298 2792 370 2876 αὕτη
394 2793 462 2876 ηονη
486 2785 523 2876 ἦν
544 2791 714 2878 Ἀρκαδικὴ,
738 2791 802 2877 ἥτις
826 2795 969 2879 ἀνέθρεψε
993 2793 1040 2856 τὸν
1065 2795 1117 2855 Δία
1135 2843 1141 2856 .
1159 2795 1206 2855 καί
1234 2815 1330 2880 ρασιν,
1363 2791 1403 2854 ὅτι

224 2902 297 2983 μἐτά
320 2901 445 2962 θάνατον
469 2899 571 2984 λαβὼν
600 2901 694 2985 αὐτῆς
716 2901 748 2962 τὸ
771 2901 864 2986 δέρμα
888 2902 962 2963 κατά
985 2901 1038 2985 τἠν
1063 2900 1225 2987 σονεθιησιν
1248 2901 1397 2986 περιέθετο

223 3008 270 3069 καὶ
293 3008 388 3092 αὐτὴν
412 3009 635 3094 κατηστέρισεν,

330 3117 429 3184 Nulla
451 3119 551 3200 igitur
573 3123 674 3184 restat
698 3118 865 3199 dubitatio,
891 3121 968 3202 quin
993 3122 1144 3199 Aegipan
1168 3119 1293 3202 Caprae
1317 3117 1402 3183 filius

224 3227 492 3292 collactaneus
527 3228 621 3300 Jovis
655 3226 794 3292 indidem
832 3228 1001 3292 accesserit
1026 3227 1067 3290 ad
1090 3227 1185 3293 Iovis
1208 3226 1402 3292 incunabula

224 3339 320 3416 atque
344 3332 461 3398 Helice
485 3336 517 3396 et
541 3333 716 3416 Cynosura.
743 3369 783 3378 -

331 3437 371 3499 ὅτι
395 3437 424 3498 ἐν
440 3459 477 3520 τη
496 3434 561 3520 ’Ίθη
590 3445 680 3522 σονην
707 3436 785 3522 αὐτῷ
808 3437 855 3500 ὅτε
880 3438 924 3501 ἐπὶ
950 3437 1015 3509 τοὺς
1039 3438 1163 3509 Τιτᾶνας
1180 3439 1395 3525 ἐστράτευσεν.

224 3541 307 3614 οὗτος
330 3543 361 3606 δὲ
385 3546 461 3608 δοκεῖ.
484 3545 575 3633 εὑρεῖν
598 3545 648 3610 τὸν
674 3548 780 3632 κόχλον
804 3570 830 3609 κ.
854 3569 880 3613 τ,
905 3547 934 3609 λ.

331 3674 401 3738 Pan
437 3675 530 3738 adest
562 3673 641 3739 Jovi
669 3675 828 3757 Jovisque
852 3675 945 3741 sociis
970 3675 1086 3740 bellum
1111 3673 1325 3740 inferentibus
1349 3676 1401 3739 'Ii-

224 3781 319 3858 tanis,
344 3781 467 3846 invenit
490 3782 662 3858 cochleam,
689 3781 782 3863 fugat
806 3783 939 3849 TItanos
963 3783 1107 3848 inaudito
1132 3783 1246 3846 sonitu.
1288 3783 1399 3846 Mirati

225 3908 286 3972 quo
310 3887 368 3954 fiat
391 3892 427 3953 ut
450 3889 520 3953 Pan
556 3895 718 3972 tamquam
754 3891 871 3972 primas
907 3894 1014 3971 partes
1050 3893 1127 3971 agat
1160 3891 1192 3954 in
1217 3891 1400 3955 Titanorum

224 3994 319 4074 bello,
344 3997 636 4078 circumspiciamus
661 3998 777 4081 quibus
802 4017 819 4061 e
844 3997 1009 4078 principiis
1026 3995 1164 4063 conflata
1187 3998 1228 4061 sit
1252 3998 1332 4062 haee
1356 3997 1401 4060 fa-

225 4101 317 4180 bula;
347 4104 469 4168 Panem
503 4105 586 4170 enim
619 4125 687 4170 esse
713 4106 823 4170 ducem
848 4110 881 4168 et
905 4087 1099 4169 servatorem
1123 4106 1217 4170 Jovis
1242 4106 1401 4169 exercitus

226 4211 313 4275 nulla
336 4211 401 4276 alia
424 4215 473 4277 est
496 4213 654 4292 memoria,
680 4214 734 4276 sed
760 4214 826 4276 dux
850 4217 883 4276 et
917 4218 1062 4277 servator
1097 4220 1146 4278 est
1182 4213 1301 4277 Bacchi
1338 4213 1401 4282 (cui

226 4337 320 4400 quam
346 4323 414 4384 arte
439 4320 620 4400 adscriptus
644 4321 686 4384 sit
710 4339 801 4384 nemo
825 4319 938 4394 nescit)
962 4321 994 4384 in
1019 4339 1055 4386 eo
1073 4321 1156 4403 quod
1174 4321 1401 4401 Megasthenes

226 4427 348 4490 invenit
371 4425 454 4491 bello
480 4426 597 4491 Indico.
645 4427 817 4508 Reponitur
840 4427 919 4492 haee
944 4425 1054 4492 fabula
1078 4426 1111 4490 in
1127 4427 1281 4508 Polyaeni
1306 4431 1399 4491 strat.

226 4536 299 4600 12:
326 4532 462 4598 Διονύσου
488 4531 650 4618 στρατηγὸς
672 4525 710 4616 ἦν
740 4530 805 4595 Πάν
826 4581 831 4593 .
850 4528 930 4602 οὗτος
957 4538 1067 4620 πρῶτος
1102 4521 1186 4606 τάξιν
1224 4529 1320 4621 εὗρεν,
1345 4538 1400 4621 ‘yd-
