3384 5134
675 273 894 332 ...57-

198 439 283 518 liam
310 440 398 506 dcam
425 443 508 506 liano
534 463 623 524 apem
649 445 720 523 quis
736 443 884 525 putabit?
934 446 1056 511 Deinde
1080 448 1119 511 de
1135 447 1252 528 templo
1271 448 1370 528 Apol·

199 548 270 612 linis
299 550 390 612 Paus.
417 551 495 614 liaeo
519 553 629 615 narrat
654 553 706 630 (X
723 559 753 632 5,
768 552 816 632 9):
847 549 967 635 δεύτερα
996 548 1026 611 δὲ
1057 551 1186 634 λέγουσιν
1215 551 1239 611 οἱ
1267 550 1373 636 Δελφοί

197 654 330 736 γενέσθαι
354 654 404 716 ὑπὸ
429 654 575 737 μελισσῶν
608 657 654 719 τὸν
685 661 762 728 ναόν,
793 658 846 719 ἀπὸ
879 663 928 718 τοῦ
957 680 990 719 τε
1019 666 1106 743 κηροῦ
1138 665 1195 720 τῶν
1226 658 1371 742 μελισσῶν

197 762 243 824 καί
267 762 299 824 ἐκ
321 769 431 848 πτερῶν
449 787 455 798 ·
473 766 640 850 πεμφθῆναι
673 764 703 827 λέ
735 766 766 835 ἐς
790 765 996 850 Ὑπερβορέους
1027 766 1111 851 ρασίν
1140 766 1227 828 αύτύν
1252 766 1301 828 ύπύ
1324 772 1372 827 τού

205 870 389 944 Λπόλλωνος,
423 893 484 955 quo
516 894 586 939 cnm
618 877 735 956 templo
764 876 959 941 Plutarchus
989 878 1243 960 antiquissimum
1278 895 1372 959 quem

199 980 275 1045 dicit
307 981 526 1046 hexametrum
556 984 733 1064 coniungit:
764 980 926 1065 συμφέρετε
955 988 1055 1065 πτερά,
1088 983 1189 1054 οἰωνοί,
1220 983 1307 1065 κηρύν
1331 1003 1372 1054 τε,

200 1084 342 1164 μέλισσαι.
393 1088 454 1153 Sed
481 1089 574 1152 huius
598 1091 710 1169 templi
726 1090 831 1154 sedem
848 1089 1042 1170 primitivam
1061 1110 1123 1154 non
1140 1110 1210 1155 esse
1229 1091 1373 1171 Delphos

199 1201 234 1259 ut
250 1196 427 1259 Pausanias
444 1197 512 1276 ipse
530 1196 650 1260 indicat
666 1198 711 1260 ita
728 1196 932 1261 confirmatur
948 1197 1127 1262 testimonio
1146 1198 1372 1262 Eratosthenis

199 1302 373 1380 (XXIX):
399 1298 502 1386 έκρυγύε
527 1299 557 1361 de
583 1301 653 1362 αύτύ
678 1302 759 1384 (soil.
784 1301 815 1361 τύ
842 1301 939 1386 βέλος)
970 1302 999 1363 έν
1027 1299 1301 1388 Ὑπερβορείοις,-ού
1326 1302 1374 1364 καί

199 1407 303 1476 isaia
326 1409 340 1468 i
364 1409 503 1490 ππέρινοτ.
552 1412 635 1475 Ecce
660 1411 911 1491 explicationem.
961 1412 1039 1498 Nam
1057 1432 1127 1478 cum
1145 1413 1373 1494 Hyperboreo·

200 1538 266 1581 rum
292 1523 377 1582 terra
393 1520 434 1582 sit
450 1519 622 1601 πτεροροροτ
638 1520 724 1600 regio
741 1517 794 1596 (cf.
814 1520 898 1583 Plin.
917 1539 946 1582 n.
964 1520 993 1583 h.
1013 1519 1064 1583 IV
1082 1516 1149 1600 88),
1175 1520 1268 1584 huius
1291 1520 1372 1600 regi·

199 1626 267 1689 ouis
291 1627 442 1707 templum
467 1625 569 1706 ipsum
595 1645 720 1708 quoque
743 1627 847 1706 pinnis
872 1630 920 1691 est
944 1627 1162 1706 compositum.
1210 1625 1273 1692 Sed
1298 1627 1374 1709 quia

200 1753 238 1796 ne
263 1734 347 1812 apud
372 1732 597 1813 Hyperboreos
622 1734 746 1813 quidem
771 1733 848 1814 ipsis
865 1734 970 1813 pinnis
988 1735 1141 1797 contineri
1164 1738 1279 1814 potest,
1298 1733 1373 1813 quid

199 1842 273 1906 licet
296 1840 417 1920 fingere
442 1841 551 1905 durius
577 1845 633 1905 aut
649 1841 760 1922 purius
777 1860 839 1922 quo
856 1840 997 1905 firmetur
1021 1860 1114 1921 quam
1133 1860 1237 1907 ceram
1256 1842 1371 1922 apium,

200 1954 357 2013 castorum
394 1953 425 2012 et
458 1967 608 2029 purorum
644 1947 849 2013 animalium?
906 1949 980 2014 Hac
1014 1949 1113 2028 igitur
1148 1949 1179 2013 in
1204 1948 1315 2014 fabula
1339 1955 1375 2015 ut

200 2057 282 2120 nivis
317 2057 434 2137 pinnae
473 2057 666 2120 antecedunt
702 2054 828 2136 avibus
865 2057 910 2120 ita
944 2075 1017 2121 cera
1053 2057 1214 2121 antecedit
1250 2057 1373 2137 apibus.

200 2160 290 2227 Nihil
316 2182 392 2244 ergo
416 2164 477 2228 hoc
501 2163 542 2227 ad
567 2181 659 2243 apem
684 2164 783 2226 deam.

306 2290 471 2354 Postremo
497 2307 671 2369 proponam
696 2286 952 2352 obscurissimum
977 2289 1064 2352 illum
1084 2289 1195 2368 locum,
1222 2308 1285 2371 quo
1310 2290 1373 2369 agi·

200 2401 253 2460 tur
277 2397 315 2459 de
339 2397 445 2460 Thriis
469 2397 502 2460 in
526 2395 620 2462 Hom.
639 2396 670 2458 h.
688 2396 788 2459 Mero.
807 2402 997 2460 552—563:

361 2500 442 2585 Θριαί
465 2508 517 2586 γάρ
541 2523 618 2570 τινες
643 2500 704 2574 εἰσί,
728 2501 897 2582 κασίγνηται
920 2509 1052 2584 γεγαυῖαι,

360 2609 509 2694 παρθένοι,
535 2609 666 2690 ὠκείῃσιν
691 2607 893 2690 ἀγαλλόμεναι
915 2609 1092 2693 πτερύγεσσι,

360 2725 459 2800 τρεῖς·
477 2717 554 2778 κατά
578 2715 609 2777 δὲ
634 2716 740 2800 κρατὸς
764 2715 982 2798 πεπαλαγμέναι
1006 2714 1117 2800 ἀλριτα
1140 2715 1231 2777 λευκά

361 2825 432 2886 αἰκία
455 2831 633 2884 ναιετάουσιν
659 2823 709 2884 ύπύ
733 2823 819 2908 πτυχὶ
843 2821 1016 2907 Παρνησοῖο,

363 2931 502 3014 μαντείης
527 2930 676 2995 ἀπάνευθε
700 2928 877 3004 θιθάσκαλοι,
901 2927 941 3011 ἣν
967 2929 1010 2990 ἐπί
1035 2929 1114 3012 βουσί

366 3047 432 3108 παῖς
456 3036 495 3100 ἔτ’
523 3036 582 3100 έῶν
608 3037 761 3121 μελέτησα
781 3060 787 3072 ·
804 3040 899 3122 πατήρ
924 3036 1022 3120 δ’έμύς
1046 3036 1094 3098 ούκ
1119 3037 1265 3120 ἀλέγιζεν.

364 3146 506 3210 ἐντεῦθεν
533 3145 568 3228 θη
595 3143 694 3206 ἔπειτα
718 3147 885 3227 ποτώμεναι
909 3143 1017 3205 ἀλλοτε
1041 3143 1133 3228 ἀλλη,

363 3255 447 3339 κηρία
474 3252 629 3335 βόσκονται
652 3252 699 3314 καί
726 3273 756 3314 τε
781 3253 948 3338 κραίνουσιν
974 3248 1096 3318 έκαστα.

363 3363 390 3422 αί
413 3359 487 3422 θ’ύτε
513 3357 565 3443 μέν
592 3360 712 3422 θυίουσιν
738 3358 862 3442 ἐθηθυίαι
886 3358 953 3442 μέλι
976 3357 1100 3443 χλωρόν,

363 3468 546 3554 προφρονέως
570 3467 719 3529 ἐθέλουσιν
745 3466 888 3548 ἀληθείην
914 3467 1085 3550 ἀγορεύειν·

364 3573 400 3659 ἢν
423 3571 687 3661 δ’ἀπονοσρισθῶσι
712 3574 792 3637 θεῶν
818 3574 917 3656 ηθεῖαν
942 3572 1068 3656 ἐδωδὴν,

364 3683 513 3769 ψεύδονται
537 3683 572 3766 δὴ
598 3679 695 3743 ἔπειτα
718 3681 752 3742 δι’
781 3680 923 3764 ἀλλήλοιν
947 3679 1102 3741 δονέουσαι.

205 3813 393 3879 Rectissime
417 3813 441 3876 si
467 3813 544 3894 quid
568 3811 662 3875 video
679 3810 881 3874 Baumeister
905 3809 944 3872 ad
969 3808 1055 3873 huuc
1078 3809 1180 3874 locum
1206 3809 1378 3873 seeundum

207 3920 401 3986 Lobeclrium
426 3919 556 3984 exhibet
578 3919 671 3983 haec:
698 3915 837 3998 ‘Apibus
862 3916 1067 3980 assimulatae
1090 3919 1166 3980 sunt
1189 3915 1306 3979 Thriae
1332 3913 1346 3977 f
1366 3949 1377 3959 -

205 4029 329 4108 tidioae‚
362 4047 423 4092 non
459 4028 558 4092 solum
593 4029 764 4107 propterea
799 4025 883 4106 quod
912 4026 1028 4087 natura
1062 4024 1173 4087 harum
1204 4023 1377 4087 volucrium

205 4137 305 4201 multa
329 4135 426 4200 habet
450 4136 626 4199 communia
649 4153 720 4198 oum
745 4132 902 4214 nymphis
928 4132 983 4195 sed
1008 4131 1102 4195 etiam
1130 4129 1206 4212 quia
1231 4148 1307 4209 apes
1332 4130 1377 4193 di·

205 4244 272 4308 vini
296 4243 446 4325 quiddam
471 4247 503 4306 et
527 4241 731 4322 praesagiens
758 4240 858 4304 futuri
882 4238 1001 4303 habere
1024 4238 1240 4303 videbantur'.
1288 4238 1379 4322 Quae

205 4353 242 4415 ut
265 4351 393 4430 paulum
417 4355 502 4414 certe
526 4350 564 4413 de
587 4367 655 4413 meo
680 4365 813 4428 augeam
839 4381 878 4389 -
905 4363 966 4410 non
984 4343 1179 4411 Graecorum
1206 4345 1304 4408 solum
1330 4346 1379 4406 est

206 4458 283 4528 talia
307 4457 436 4523 numina
461 4457 566 4540 apium
591 4454 693 4522 forma
717 4453 846 4536 fingere.
897 4453 1074 4536 Valkyriae
1104 4453 1185 4530 enirn
1218 4469 1299 4532 quae
1324 4469 1378 4515 vo·
