3384 5134
815 295 1037 358 -14-

340 467 499 537 Adrastus
522 471 571 536 cst
587 470 735 551 princeps
758 471 853 536 huius
877 469 1008 535 fabulae
1031 468 1134 552 figura
1152 491 1158 532 :
1179 467 1313 551 ‘nepsam’
1338 473 1422 536 hanc
1445 490 1515 537 esse

342 577 452 644 Croesi
475 579 660 644 Herodotus
683 579 752 660 ipse
775 597 809 644 se
826 579 903 644 dicit
920 578 1002 643 velle
1027 573 1144 659 (134);
1169 597 1265 660 qnam
1289 579 1328 645 ob
1353 599 1418 644 rem
1442 584 1515 662 post

338 687 444 768 ipsum
467 684 592 752 Solonis
617 686 793 752 discessum
821 685 902 752 haec
930 683 1041 750 fabula
1071 685 1231 751 inseritur.
1278 686 1393 768 Neque
1417 687 1514 769 igitur

339 813 422 876 qnae
456 794 499 858 sit
533 793 671 874 genuina
697 793 830 858 Adrasti
866 793 915 857 vis
945 791 1008 858 iam
1032 792 1258 858 dubitabimus,
1272 788 1304 875 *)
1351 794 1514 858 Adrastus

339 902 453 985 Phryx
469 907 518 967 est
534 901 591 983 (ib.
612 902 688 982 35);
705 902 867 984 Phrygiae
885 901 1035 984 oppidum
1052 905 1101 968 est
1116 901 1294 980 Adrastea
1312 900 1353 967 ab
1371 901 1513 967 Adrasto

339 1009 439 1089 igitur
462 1011 520 1075 deo
545 1028 658 1075 nomen
684 1009 778 1074 duxit
801 1009 967 1074 Adrastea
991 1009 1142 1092 oppidum
1165 1013 1198 1075 et
1221 1027 1362 1092 campus.

449 1117 556 1182 Huius
580 1117 678 1199 igitur
701 1117 840 1198 regionis
864 1117 1005 1200 nympha
1028 1119 1078 1182 est
1101 1117 1273 1195 Adrastea,
1299 1135 1371 1181 nam
1395 1117 1441 1182 ibi
1465 1120 1515 1182 est

339 1223 407 1289 eius
430 1242 486 1289 ara
510 1223 551 1289 ef.
569 1223 676 1290 Strab.
694 1223 786 1289 XIII
804 1229 884 1288 588:
911 1220 1045 1283 ἐκαλεῖτο
1068 1219 1115 1303 δή
1140 1222 1224 1306 χώρα
1240 1218 1312 1304 αὕτη
1341 1220 1514 1306 Ἀδράστεια

339 1327 386 1390 καί
410 1327 603 1413 Ἀδραστείας
625 1327 728 1403 πεδίον,
745 1329 823 1390 κατὰ
847 1325 915 1398 έθος
938 1350 967 1390 τι
989 1326 1062 1390 οὕτω
1086 1327 1231 1412 λεχόντων
1260 1327 1291 1389 τὸ
1316 1328 1386 1390 αὐτὸ
1410 1329 1513 1414 χωρίον

339 1434 450 1511 διττῶς,
477 1433 519 1505 ὡς
541 1435 587 1498 καίΙ
611 1434 714 1519 Θήβην
737 1435 783 1496 καί
807 1434 911 1518 Θήβης
932 1435 1036 1510 πεδίον,
1066 1435 1113 1497 καὶ
1137 1433 1297 1518 Μοχδονίαν
1326 1436 1373 1497 καί
1401 1435 1514 1518 Mordo-

340 1543 402 1611 νίας
436 1541 540 1604 πεδίον.
587 1542 658 1627 φησί
692 1540 724 1604 δὲ
760 1540 970 1625 Καλλισθένης
1011 1541 1065 1603 ἀπὸ
1101 1541 1265 1628 Ἀδραστον
1302 1542 1458 1626 βασιλέως,
1483 1542 1514 1613 ὃς

340 1655 451 1735 πρῶτος
473 1646 633 1732 Νεμέσεως
656 1647 728 1733 ἱερὸν
753 1646 897 1733 ίδριίσαπο,
922 1649 1077 1710 καλεῖσθαι
1102 1647 1298 1734 Ἀδράστειαν.
1345 1651 1364 1733 ή
1390 1650 1442 1733 μέν
1466 1647 1513 1712 οὖν

339 1756 421 1826 πολις
444 1745 558 1838 ’μεταξὺ
589 1753 717 1840 Πριοίποο
750 1755 796 1817 καί
824 1754 945 1841 Παρίου,
976 1754 1085 1842 έχοοσα
1114 1755 1294 1840 ὑποκείμενον
1318 1756 1412 1818 πεδίον
1437 1757 1514 1841 ὁμοί.

339 1885 439 1946 νυμον,
476 1863 505 1924 ἐν
541 1859 566 1947 η’
599 1863 646 1924 καί
681 1870 810 1945 μαντεῖον
833 1854 869 1945 ήν
895 1863 1087 1933 ’Λπόλλωνος
1111 1863 1249 1926 Ἀκταίου
1273 1864 1320 1925 καί
1343 1864 1514 1949 Ἀρτέμιδος

339 1972 413 2032 κατοί
435 1969 487 2052 τήν
511 1969 528 2007 *
553 1968 690 2052 Πακάτην
708 1992 715 2005 ·
734 1971 778 2041 είς
805 1968 836 2032 δέ
870 1968 977 2054 Πάριον
1010 1971 1178 2056 μετηνέχθη
1202 1981 1281 2033 πᾶσα
1304 1972 1323 2053 ή
1349 1971 1512 2055 κατασκευή

339 2077 386 2139 καί
420 2078 515 2140 λιθεία
549 2077 805 2146 κατασπασθέντος
841 2083 890 2138 τοῦ
926 2077 998 2162 ἱεροῦ
1022 2078 1069 2140 καί
1092 2078 1266 2162 ᾠκοδομήθη
1292 2077 1322 2138 ἐν
1345 2075 1388 2162 τῴ
1411 2077 1513 2164 Παρίῳ

342 2185 439 2269 βωμός
464 2234 470 2246 .
498 2235 503 2246 .
531 2235 536 2246 .
563 2184 688 2246 ἐνταῦθα
713 2182 764 2266 μὲν
788 2176 835 2245 οὖν
859 2182 939 2246 οὐδὲν
963 2185 1035 2270 ἱερὸν
1054 2185 1247 2272 Ἀδραστείας
1271 2186 1419 2256 δέοινοται,
1445 2183 1509 2246 οὐδὲ

339 2292 375 2376 δή
400 2291 568 2376 Νεμέσεως,
586 2293 648 2378 περί
671 2291 703 2354 δέ
727 2290 857 2362 Κύζικον
883 2291 958 2355 ἔστιν
984 2293 1177 2379 Ἀδραστείας
1201 2295 1283 2380 ἱερόν.
1332 2295 1513 2378 Ἀντίμαχος

339 2399 444 2462 δἀίτω
479 2401 569 2485 φησίν
588 2397 673 2462 ·-ἐ’στι
696 2399 726 2461 δέ
751 2422 793 2470 τις
816 2423 841 2461 κ.
866 2422 891 2462 τ.
916 2400 945 2462 λ.
983 2403 1024 2468 os.
1061 2411 1228 2486 praeterea
1262 2405 1400 2468 Phoron.
1426 2403 1466 2468 fr.
1491 2405 1511 2468 i.

339 2510 437 2577 schol.
456 2513 521 2592 Ap.
543 2511 605 2575 Rh.
623 2510 640 2574 Ι
658 2517 758 2576 1129:

984 2612 1056 2677 ἔνθα
1080 2619 1184 2700 χόητες

501 2722 595 2784 Ἰδαῖοι
618 2721 732 2808 Φρέχες
755 2722 861 2808 ἄνδρες
883 2724 1028 2810 ὀρέστεροι
1051 2726 1110 2787 οἰκί’
1136 2723 1227 2788 ἔναιον

499 2827 612 2913 Κέλρις
635 2831 841 2913 Δαμναμενεύς
863 2853 895 2894 τε
919 2832 1009 2916 μέχας
1032 2832 1079 2894 καὶ
1102 2831 1233 2918 ὑπέρβιος
1248 2828 1391 2914 Ἄκρον,

499 2937 660 3021 εὐπάλαροι
682 2938 860 3023 θεράποντες
883 2940 979 3024 ὀρείής
1004 2940 1204 3025 Ἀδρηστείης
1227 2963 1255 3008 κ.
1282 2962 1308 3002 τ.
1328 2938 1358 3001 λ.

338 3049 424 3114 Nihil
459 3049 559 3130 igitur
592 3048 667 3114 hnic
703 3049 882 3114 Adrasteac
917 3053 967 3115 ost
1002 3068 1073 3115 cum
1096 3050 1309 3130 Necessitate,
1335 3049 1413 3114 nihil
1440 3068 1512 3114 cum

338 3152 477 3222 Adrasto
499 3158 582 3240 ipso;
607 3156 663 3221 sed
686 3155 828 3238 nympha
852 3174 965 3222 nomen
990 3157 1115 3240 accepit
1138 3157 1179 3222 ab
1205 3157 1331 3240 oppido,
1356 3157 1509 3238 oppidum

337 3262 377 3328 ab
403 3265 556 3330 Adrasto.

443 3369 508 3436 Sed
543 3371 640 3436 nimia
671 3372 776 3437 inerat
810 3371 947 3453 pellacia
982 3367 1177 3454 Ἀδραστείας
1213 3372 1332 3438 nomini
1356 3389 1451 3454 qnam
1476 3375 1513 3436 ut

337 3481 450 3559 poetae
474 3498 536 3544 non
561 3479 773 3554 allicerentur,
808 3483 844 3544 nt
872 3479 958 3544 alind
982 3480 1010 3544 ei
1034 3479 1210 3544 subderent
1235 3497 1330 3562 quam
1356 3499 1407 3544 res
1427 3484 1510 3545 erat.

340 3588 390 3653 Ac
413 3604 525 3652 vereor
548 3605 588 3651 ne
614 3585 829 3652 Athenienses
853 3605 925 3652 cnm
948 3587 1075 3652 saeculo
1093 3587 1134 3651 V.
1152 3583 1334 3652 Adrasteac
1357 3591 1513 3652 voverent

337 3691 387 3773 (C.
404 3694 429 3760 J
431 3739 439 3754 .
457 3697 499 3758 Α.
517 3692 636 3775 1210),
662 3695 749 3759 alind
772 3713 888 3760 numen
904 3715 924 3760 a
939 3715 974 3761 se
990 3695 1050 3761 ooli
1066 3696 1251 3778 putaverint
1267 3713 1305 3761 ac
1323 3694 1513 3775 virginalem

337 3803 494 3883 quondam
518 3802 682 3884 Phrygiae
705 3802 841 3883 regionis
866 3803 1004 3881 genium.
1051 3802 1135 3868 Nam
1159 3805 1244 3886 qnod
1268 3803 1365 3867 Posn.
1383 3805 1512 3866 conten·

337 3909 384 3972 dit
407 3904 586 3973 Adrasteac
610 3927 722 3973 nomen
746 3909 955 3974 Necessitatis
978 3911 1042 3975 vim
1068 3928 1130 3974 non
1154 3914 1335 3974 assecutum
1359 3928 1428 3973 esse
1452 3907 1513 3972 uisi

335 4035 393 4097 per
417 4013 551 4094 Stoicos
576 4016 637 4082 hoc
659 4035 785 4100 quoquc
803 4022 889 4082 errat
912 4015 957 4100 (p.
976 4023 1017 4082 72
1046 4017 1346 4093 „Wahrscheinlich
1371 4035 1438 4082 war
1461 4017 1512 4080 dic

336 4123 530 4205 Horlcitnng
576 4125 631 4189 des
665 4125 808 4190 Namens
843 4123 1005 4191 Adrastea
1041 4145 1102 4192 von
1138 4121 1358 4209 (ἀποχδιδροίναι,
1400 4125 1512 4190 sodass

443 4316 470 4385 ²⁸)
489 4319 580 4373 Huius
613 4319 655 4374 dei
685 4319 739 4373 vim
763 4322 857 4388 postea
886 4320 914 4374 in
946 4322 1021 4374 deam
1052 4320 1146 4375 harum
1172 4319 1313 4388 regionum
1340 4319 1512 4387 principalem

334 4407 464 4463 tremisse
488 4409 650 4476 comprobari
675 4408 781 4464 videtur
806 4412 975 4464 monumento
1001 4408 1154 4466 Attudensi
1183 4410 1216 4464 B.
1230 4408 1259 4465 O.
1276 4411 1313 4464 H.
1346 4409 1423 4476 1887,
1443 4409 1511 4462 349:

337 4489 408 4568 ἱερέα
428 4498 492 4552 aare
510 4496 618 4569 Μητρὸς
634 4492 794 4572 Ἀδράστου.
