3384 5134
799 286 1019 346 „10--

324 461 511 528 beneficium
537 463 569 526 in
593 461 753 529 sideribus
778 464 905 527 saerata
929 464 986 526 est.
1034 462 1157 527 Horum
1183 484 1264 548 qnae
1289 468 1383 532 attuli
1409 470 1499 534 testi·

325 569 497 635 munierum
523 571 609 635 nullo
634 589 690 636 nes
715 571 796 650 cogi,
822 581 856 633 ut
873 570 968 634 lovis
992 571 1134 636 altricem
1151 591 1221 637 oum
1239 570 1359 657 Cybele
1383 577 1498 642 cobae-

326 696 396 741 rere
420 685 577 758 putemne,
605 697 695 743 nemo
719 676 814 742 facile
837 677 977 758 negabit.
1025 676 1090 742 Sed
1115 683 1150 742 ut
1173 680 1369 764 insequentis
1394 684 1499 766 dispu-

327 783 457 850 tationis
493 803 635 866 eampum
673 789 834 866 tamquam
871 786 998 866 planum
1034 787 1174 865 reddam,
1210 789 1335 868 singula
1369 791 1498 857 tentabo

326 897 521 973 argumenta,
561 893 677 975 quibus
712 895 904 975 Pesnansky
940 894 959 956 l.
996 911 1023 956 c.
1059 894 1153 958 ¹lovis
1187 897 1329 962 altricem
1365 901 1497 963 eandem

327 1018 397 1064 esse
421 1003 517 1082 atque
541 999 682 1082 Cybelen
707 1001 924 1064 demonstrare
952 1002 1028 1064 vult.
1075 999 1184 1083 Atque
1213 1003 1348 1084 primum
1374 1006 1497 1087 quidem

328 1108 368 1172 ab
402 1109 493 1172 initio
531 1109 610 1172 duas
643 1107 714 1171 illas
751 1109 826 1172 deas
864 1126 955 1172 unam
981 1127 1049 1172 esse
1073 1108 1149 1172 dicit
1173 1111 1219 1173 sie
1242 1116 1498 1193 argumentatus:

331 1216 403 1295 „Da
429 1217 592 1280 Adrastea
616 1215 842 1297 ursprlinglicb
861 1216 964 1296 gleieb
983 1215 1221 1298 Rhea-Kybele
1246 1238 1323 1298 war,
1349 1223 1438 1284 batte
1455 1223 1501 1285 sie

329 1323 411 1387 auch
435 1323 495 1386 den
520 1324 706 1404 Anspruch,
733 1323 819 1386 Zeus
843 1324 967 1387 Mutter
998 1343 1037 1387 zu
1067 1323 1203 1388 heissen.
1254 1327 1315 1391 Als
1349 1328 1426 1392 aber
1455 1330 1501 1392 als

329 1431 435 1494 soleba
459 1431 490 1493 in
515 1435 659 1508 spaterer
675 1431 748 1494 Zeit
765 1430 856 1494 Rhea
873 1431 1039 1510 allgemein
1057 1434 1237 1496 anerkannt
1254 1435 1374 1514 wurdo,
1392 1437 1503 1500 wurde

328 1534 498 1614 Adrastea,
523 1539 677 1602 nunmebr
703 1557 763 1602 von
781 1537 1018 1620 Rhea-Kybele
1035 1539 1287 1621 untersclrieden,
1313 1561 1371 1606 zur
1388 1545 1503 1606 Ammo

330 1647 386 1710 des
422 1643 537 1709 Gottes
573 1645 764 1725 degrediert,
802 1647 919 1724 genade
955 1646 1016 1709 wie
1050 1645 1141 1710 Leda
1175 1667 1231 1710 zur·
1262 1648 1423 1730 Pflegerin
1448 1651 1503 1714 der

329 1751 488 1817 Helena“.
536 1753 589 1817 Ad
614 1754 693 1818 baec
716 1754 850 1834 primum
880 1756 929 1817 est
953 1755 1216 1834 respondendum,
1246 1757 1370 1822 etiamsi
1394 1758 1503 1840 aliqua

330 1861 494 1924 Adrastea
526 1861 635 1924 eadem
670 1864 755 1924 essct
791 1878 873 1942 quae
897 1859 1026 1942 Cybele,
1063 1861 1245 1926 claudicare
1269 1869 1501 1942 argumentum.

331 1967 444 2051 Neque
467 1969 548 2034 enim
574 1987 706 2050 usquam
725 1967 887 2033 Adrastea
910 1967 1005 2033 Jovis
1030 1973 1131 2032 mater
1147 1970 1285 2034 traditur
1308 1971 1390 2036 sieut
1415 1973 1504 2036 Leda

332 2077 428 2156 vulgo
454 2076 597 2140 Helenae
621 2094 725 2158 neque
749 2074 870 2158 Cybele
893 2076 1013 2140 nutrix.

440 2185 514 2268 Qua
549 2182 824 2262 argumentatione
858 2183 1051 2265 Posnansky
1085 2201 1156 2247 eum
1181 2203 1218 2249 ea
1242 2203 1324 2267 quae
1348 2187 1447 2252 vellet
1470 2205 1505 2251 se

332 2297 551 2356 assecuturum
569 2310 631 2355 non
648 2309 718 2354 esse
735 2289 873 2354 fortasse
897 2291 965 2372 ipse
988 2290 1195 2371 intellexerit,
1226 2312 1340 2358 novam
1365 2295 1505 2376 aliquam

333 2403 527 2466 Adrasteam
553 2419 594 2464 ex
622 2398 814 2463 Antimacho
827 2395 857 2476 *1
882 2396 1053 2479 (Harpoer.
1078 2417 1102 2463 s,
1128 2397 1174 2480 v.)
1198 2399 1257 2464 sibi
1283 2399 1385 2482 fingit,
1411 2419 1505 2484 quam

333 2508 402 2574 sine
437 2509 501 2573 ullo
537 2508 724 2588 argumento
761 2507 892 2570 eandem
933 2525 1001 2570 esse
1035 2509 1132 2587 atque
1156 2505 1298 2589 Cybelen
1322 2508 1504 2574 contendit:

336 2614 634 2696 „Wabrscbeinlich
669 2617 710 2679 ist
746 2616 907 2680 Adrastea
943 2617 1012 2681 eine
1041 2617 1235 2700 phrygische
1269 2614 1419 2680 Gottbeit
1443 2617 1507 2680 und

333 2723 389 2787 mit
405 2723 641 2806 Rhea-Kybele
664 2722 852 2788 identiscb“.
894 2724 1019 2789 Deinde
1043 2725 1076 2788 id
1100 2725 1176 2804 agit,
1203 2728 1237 2788 ut
1254 2723 1348 2790 Jovis
1365 2723 1506 2788 altricem

334 2830 430 2894 etiam
456 2831 587 2895 eandem
612 2850 681 2894 esse
705 2836 802 2912 atque
825 2831 911 2895 illam
938 2832 1031 2895 aliam
1049 2831 1242 2896 Adrasteam
1268 2830 1403 2908 evineat,
1422 2829 1506 2910 quod

334 2939 359 3000 si
384 2938 542 3016 evicisset,
567 2939 661 3004 Jovis
686 2939 827 3003 altricem
854 2939 949 3002 etiam
974 2939 1104 3002 eandem
1138 2957 1207 3002 esse
1238 2941 1335 3018 atque
1365 2931 1508 3018 Cybelen

334 3065 368 3110 se
391 3045 649 3126 comprobavisse
673 3049 771 3110 ratus.
816 3046 907 3130 Quae
932 3046 1166 3124 argumentatio
1190 3063 1285 3126 quam
1310 3044 1433 3108 incerta
1456 3043 1508 3122 sit,

335 3172 526 3236 quamquam
562 3153 715 3216 neminem
753 3152 864 3232 fugere
898 3155 1020 3233 potest,
1063 3157 1169 3216 tamen
1205 3151 1281 3233 quid
1317 3152 1510 3232 Posnansky

336 3259 448 3325 afferat
466 3260 693 3324 examinemus.
744 3260 859 3340 „Aueb
885 3258 935 3322 die
952 3255 1144 3338 Genealogie
1169 3261 1270 3321 kennt
1294 3256 1387 3322 beide
1405 3257 1510 3321 Adra·

335 3371 423 3432 steen
448 3368 495 3432 als
520 3369 590 3433 eine
613 3368 745 3446 Person,
776 3367 879 3431 indem
910 3366 966 3431 sie.
987 3367 1107 3431 sowohl
1132 3366 1182 3430 die
1206 3370 1322 3430 Amme
1347 3366 1401 3430 des
1426 3367 1511 3430 Zeus

337 3477 384 3540 als
410 3477 462 3540 die
487 3475 602 3541 Gottin
626 3477 696 3540 eine
724 3475 863 3540 'Pocbter
887 3475 943 3538 des
971 3474 1142 3539 Melisseus
1167 3475 1217 3538 od,
1237 3474 1383 3539 Melissos
1413 3477 1513 3537 neunt

336 3582 377 3647 cf.
403 3579 598 3662 Clrarax**)
625 3583 676 3647 bei
701 3581 819 3646 M'dller
843 3580 881 3646 fr.
908 3589 937 3645 2.
987 3583 1138 3663 Apollod.
1164 3582 1181 3645 I
1207 3588 1281 3662 1,6.
1330 3582 1416 3662 Hyg.
1445 3577 1510 3643 fab.

339 3697 411 3756 182.
461 3691 564 3756 Schol.
591 3712 630 3756 zu
655 3692 734 3756 Eur.
761 3689 856 3754 Rhes.
884 3687 980 3753 332⁶&
1032 3688 1120 3773 Quid
1144 3685 1280 3753 Charaei
1304 3687 1431 3752 omnino
1456 3687 1512 3749 tri-

337 3798 495 3863 buendum
522 3804 616 3878 esset,
634 3796 802 3864 Schwartz
827 3796 1067 3860 demonstravit.
1115 3793 1178 3860 Sed
1203 3795 1259 3859 ubi
1273 3830 1317 3838 —
1336 3812 1453 3877 quaero
1473 3827 1511 3835 ..

444 3977 470 4043 ²⁶)
489 3974 544 4026 ἔστι
563 3970 591 4025 δέ
609 3991 651 4029 τις
669 3974 781 4040 Νέμεσις
798 3967 898 4040 μεγάλη
916 3969 982 4026 θεὸς
1000 3968 1017 4035 ἡ
1034 3966 1100 4022 τάδε
1117 3968 1208 4021 πάντα

491 4063 557 4134 πρὸς
574 4061 702 4133 μακάρων
721 4059 811 4127 ἔλαχεν
825 4079 830 4090 ’
845 4059 936 4130 βωμὸν
955 4056 983 4111 δέ
1002 4054 1029 4110 οἰ
1046 4058 1136 4111 εἵσατο
1154 4062 1257 4128 πρῶτος

487 4150 635 4224 Ἄδρηστος,
655 4152 788 4220 ποταμοῖο
806 4149 881 4219 παρὰ
902 4148 965 4219 ῥόον
974 4143 1114 4214 Αἰσήποιο,

493 4243 562 4296 ἔνθα
580 4242 720 4310 τετίμηταί
735 4261 764 4293 τε
782 4244 827 4292 καὶ
841 4235 997 4310 Ἀδρήστεια
1015 4235 1140 4290 καλεῖται.

446 4335 488 4401 **)
508 4333 562 4385 ἔστι
582 4330 672 4385 δὲκαὶ
694 4327 818 4401 Τρωάδος
838 4326 999 4399 Ἀδράστεια
1017 4327 1105 4390 τόπος,
1125 4327 1177 4379 ἆπὸ
1199 4325 1372 4397 Ἀδραστείας
1385 4322 1517 4393 θυγατρὸς

339 4422 470 4478 Μελίσσου
488 4428 533 4476 τοῦ
546 4420 620 4490 Ἴδης
638 4425 682 4490 τῆς
700 4425 807 4493 andron
824 4416 1013 4490 βάσιλενσάσης
1034 4415 1061 4469 ἓν
1082 4418 1173 4489 Τροίᾳ,
1194 4416 1227 4472 ὡς
1240 4414 1338 4487 Χάραξ
1352 4410 1516 4479 Ἑλληνικῶν

340 4516 454 4588 δευτέρᾳ.
494 4519 533 4574 St.
555 4518 588 4572 Β.
