3384 5134
709 344 914 407 -45..

330 520 455 605 Quibus
479 540 521 586 ex
539 520 645 586 verbis
661 521 850 587 concludere
866 522 941 586 licet
957 523 1053 586 haec:
1079 521 1213 602 primum
1231 527 1266 586 ut
1283 523 1395 587 Amal-

222 629 298 694 thea
321 627 417 704 facile
440 629 627 694 aMelissec
651 629 907 710 seiungi'possit
925 630 972 694 ita
988 629 1153 694 Melissam
1174 634 1311 709 anguste
1327 649 1398 695 cum

224 736 375 801 Melisseo
399 736 578 815 cohaerere,
604 736 727 816 deinde,
753 755 823 802 cum
849 737 983 801 Melissa
1012 745 1089 801 ncta
1113 735 1211 801 fuerit
1235 741 1412 820 tamquam·

222 843 339 908 Matris
363 844 524 923 sacerdos,
549 843 734 909 Melisseum
759 879 801 888 -
829 845 878 909 rel
908 845 999 907 utin
1024 845 1123 910 schol.
1149 845 1233 908 Plat.
1258 845 1397 910 Phaedr.

223 957 287 1016 248
316 949 344 1016 O
378 951 560 1032 appellatur
595 951 759 1016 Melissum
801 987 842 996 -
875 954 932 1017 aut
965 969 1074 1030 parem
1112 951 1211 1016 fuisse
1246 952 1399 1016 Melissae

223 1058 307 1124 sicut
322 1057 478 1122 bacchum
495 1057 636 1124 bacchae
659 1063 716 1123 aut
738 1059 938 1141 pragmatica
957 1079 1051 1142 quam
1075 1059 1185 1125 dicunt
1209 1059 1332 1125 ratione
1348 1059 1400 1124 fic-

224 1169 301 1244 tum,
338 1165 422 1248 quod
456 1166 562 1230 adhuc
595 1166 627 1229 in
652 1184 806 1247 suspenso
830 1167 1045 1247 relinquimus.
1095 1165 1181 1250 Quid
1206 1167 1305 1245 igitur
1328 1167 1399 1231 Me-

223 1273 319 1338 lissae
341 1273 389 1337 illi
405 1270 585 1338 faciamus?
632 1269 836 1338 Sacerdotem
854 1291 923 1338 esso
940 1292 1032 1353 apem
1049 1274 1126 1355 quid
1143 1274 1204 1339 hoo
1227 1273 1288 1338 sibi
1305 1271 1397 1339 vult?

223 1381 298 1446 Hac
321 1399 364 1444 ex
388 1399 422 1444 re
451 1379 569 1444 licetne
597 1381 742 1444 concludi
770 1380 867 1462 quale
897 1399 1011 1444 nmen
1036 1381 1139 1462 ipsum
1167 1379 1281 1445 fuerit?
1309 1381 1400 1446 Licet

223 1487 376 1570 profecto.
424 1487 652 1552 Reminiscaris
670 1487 764 1551 velirn
781 1487 904 1553 Bacchi
922 1473 993 1568 ’βοός
1012 1484 1058 1567 (J.
1077 1487 1135 1554 Gr.
1154 1486 1265 1566 3604),
1286 1484 1399 1568 βασσά-

224 1614 286 1678 ρας,
310 1599 440 1676 τράγους,
466 1595 591 1659 Dianae
615 1589 745 1676 ἄρκτους,
770 1596 982 1675 Proserpinae
1005 1592 1129 1664 πώλους,
1153 1597 1296 1660 Mithrae
1318 1592 1399 1654 λέου-

223 1721 277 1767 τας
299 1704 332 1766 et
355 1699 490 1768 λεαίναςε
516 1721 713 1781 cognosces,
738 1721 802 1784 qua
825 1709 885 1766 sub
910 1701 1012 1767 forma
1036 1704 1113 1766 deus
1137 1702 1231 1769 lictus
1254 1703 1305 1782 sit,
1330 1723 1399 1768 eam

225 1811 291 1876 fere
316 1811 515 1876 sacerdotum
540 1810 665 1874 nomine
689 1809 836 1891 exprimi.

331 1937 447 2016 'itaque
471 1954 528 2016 pro
552 1934 704 1998 Melissae
727 1933 906 1999 sacerdotio
929 1953 1045 1999 numen
1081 1935 1209 2017 aliquod
1245 1937 1400 2017 postulari

223 2047 338 2126 potest,
363 2043 449 2125 qnod
473 2040 532 2106 suh
557 2041 627 2122 apis
642 2042 780 2122 imagine
796 2042 916 2106 cultum
933 2042 984 2106 sit.
1033 2040 1126 2124 Quod
1151 2043 1178 2107 si
1202 2044 1399 2124 quaesiveri-

223 2172 293 2217 mus
316 2151 350 2215 in
373 2148 570 2218 Graecorum
593 2150 743 2230 pantheo,
776 2150 896 2214 nullum
925 2151 1140 2219 inveniemus:
1170 2151 1418 2233 investigemus

223 2259 323 2338 igitur
346 2257 453 2322 altius.
481 2293 520 2300 -
547 2257 651 2336 Atqui
686 2275 748 2320 non
777 2257 877 2321 solum
903 2276 919 2321 e
950 2259 1149 2323 sacerdotnm
1182 2257 1319 2338 nomine,
1344 2260 1399 2322 sed

224 2366 319 2432 etiam
343 2385 361 2430 e
384 2364 573 2448 quibusdam
610 2363 784 2429 bestiarum
824 2364 1016 2446 imaginibus
1053 2383 1136 2446 quae
1170 2384 1240 2430 cum
1271 2366 1398 2430 deorum

224 2473 401 2538 simulacris
435 2471 585 2551 coniungi
614 2471 718 2536 solent
752 2471 897 2552 intellegi
931 2477 1047 2552 potest,
1077 2472 1225 2552 quaesit
1249 2473 1400 2553 primaria

224 2581 309 2646 illius
333 2581 383 2645 dei
408 2578 510 2644 lorma
534 2580 574 2644 ab
599 2579 780 2644 homiuibus
805 2580 910 2661 culta3
935 2583 967 2644 et
985 2584 1154 2662 utrumque
1180 2581 1237 2645 hoc
1262 2600 1302 2645 ex
1329 2581 1398 2660 api·

224 2688 284 2753 bus
308 2691 434 2753 constat
457 2688 488 2750 in
513 2687 620 2750 Diana
636 2685 780 2766 Ephesia
797 2706 803 2747 :
822 2686 891 2767 apis
908 2686 989 2750 enim
1006 2685 1183 2768 symbolum
1202 2687 1297 2751 estin
1314 2687 1401 2752 illius

226 2795 304 2859 deae
339 2795 438 2874 signis
474 2793 529 2872 (cf.
555 2792 671 2859 Clarae
705 2797 780 2872 361,
820 2796 1127 2858 1195.1198.562
1141 2795 1180 2874 Β,
1215 2795 1298 2857 1198
1321 2793 1399 2860 BC.

227 2907 301 2981 563,
328 2897 438 2981 1199),
463 2899 641 2983 symbolum
666 2905 715 2964 est
739 2901 772 2964 in
788 2899 941 2980 Ephesiis
966 2901 1110 2964 nummis.
1159 2901 1298 2966 Accedit
1314 2902 1400 2984 quod

225 3009 331 3074 Rhodi
366 3009 398 3072 in
434 3005 552 3071 Camiri
586 3007 749 3088 necropoli
785 3005 924 3071 tabellae
959 3007 1029 3071 anri
1058 3009 1091 3070 et
1116 3007 1226 3070 electri
1250 3007 1400 3072 inventae

226 3119 310 3194 sunt,
335 3115 451 3198 quibus
476 3133 632 3195 expressa
656 3122 705 3178 est
728 3115 840 3178 mulier
865 3113 924 3178 alis
949 3115 1116 3192 instructa,
1146 3115 1236 3179 cuius
1259 3115 1400 3196 corporis

226 3223 333 3288 infima
356 3242 431 3304 pars
449 3223 519 3303 apis
535 3225 666 3301 corpust
682 3227 732 3285 est
750 3219 805 3299 (cf.
825 3221 925 3286 Arch.
943 3223 1018 3300 Ztg.
1039 3226 1077 3285 27
1096 3240 1126 3302 p.
1148 3228 1219 3286 lll.
1266 3221 1401 3286 Pernice

226 3331 327 3395 Aroh.
346 3331 430 3394 Anu.
452 3335 584 3409 1904p.
605 3327 669 3408 41),
707 3347 854 3410 quaeque
890 3331 954 3392 tam
990 3327 1102 3391 similis
1137 3335 1186 3392 est
1209 3327 1401 3410 imaginibus

226 3437 293 3502 eius
319 3455 402 3517 quae
418 3435 536 3500 dicitur
555 3435 700 3499 Persicae
718 3435 843 3500 Dianae
859 3435 975 3499 ibidem
993 3435 1131 3499 inventis
1155 3433 1210 3514 (ci.
1228 3433 1401 3500 Salzmaun

226 3545 403 3625 Neoropole
428 3544 466 3608 de
490 3542 634 3610 Camiros
658 3541 725 3606 tab.
747 3541 788 3622 I),
827 3548 862 3606 ut
897 3543 1007 3621 procul
1041 3541 1136 3606 dubio
1168 3543 1239 3624 ipsa
1275 3562 1400 3625 quoque

227 3652 332 3717 Diana
362 3652 423 3732 sit;
458 3669 563 3731 neque
599 3650 704 3714 Rhodi
739 3651 839 3714 solum
868 3650 949 3714 haec
985 3652 1122 3728 extant3
1147 3650 1286 3714 eiusdem
1316 3649 1398 3714 enim

226 3760 351 3842 generis
375 3760 523 3838 exempla
545 3759 585 3823 Ε.
603 3757 703 3822 Pfuhl
728 3757 861 3835 Therae,
888 3755 976 3835 Meli,
1007 3757 1080 3821 Deli
1109 3758 1147 3821 ad
1172 3759 1272 3822 lucem
1298 3757 1402 3821 traxit

226 3867 320 3949 (Ath.
339 3868 425 3932 Mitt.
446 3874 530 3930 1903
548 3886 580 3948 p.
602 3862 691 3946 228).
739 3864 784 3928 Et
807 3864 884 3948 quid
908 3866 1002 3930 docet
1017 3864 1230 3943 Ephesiorum
1255 3863 1401 3930 sacerdo·

227 3979 293 4039 tum
317 3973 453 4040 nomen?
495 3969 642 4053 Ἐσσήνες
665 3970 699 4053 (i.
717 3993 743 4036 e.
770 3968 929 4052 ‘Weisel')
953 3973 1157 4053 appellantur
1187 3989 1257 4035 cum
1282 3972 1401 4052 saepis-

227 4083 304 4147 sime
327 4083 359 4146 in
383 4080 644 4160 inscriptionibus
669 4078 723 4158 (ci.
745 4081 848 4144 Wood
869 4080 1080 4159 inscriptions
1099 4078 1178 4144 from
1204 4078 1259 4142 the
1283 4078 1401 4160 templo

227 4188 263 4254 of
289 4189 396 4253 Diana
425 4208 455 4269 p.
483 4193 501 4249 2
526 4207 595 4270 sqq.
622 4188 655 4250 in
672 4208 679 4248 :
698 4187 901 4252 Discoreries
937 4194 971 4250 at
1005 4187 1177 4268 Ephesos),
1214 4189 1281 4250 tum
1317 4187 1402 4267 apud

227 4297 325 4360 Faus·
343 4294 430 4358 VIII
453 4314 484 4376 p.
505 4301 587 4358 776:
614 4289 680 4360 τοὺς
702 4312 739 4374 τῃ
760 4289 912 4375 Ἀρτέμιδι
937 4289 1103 4376 ἑστιάτορας
1126 4286 1165 4372 τῇ
1183 4290 1310 4375 Ἐφεσίᾳ
1332 4312 1402 4372 γονο-

228 4398 339 4482 percos,
364 4399 557 4482 καλουμένους
580 4397 612 4459 δὲ
637 4399 687 4460 ὑπὸ
710 4405 767 4460 τῶν
791 4398 912 4460 πολιτῶν
932 4389 1083 4481 ’hocloco
1099 4400 1269 4466 01.Ε1.Μ.
1288 4398 1400 4482 ἐσσὴν·

227 4508 241 4569 ὁ
267 4505 403 4590 βασιλεὺς
418 4508 491 4569 nutui
502 4507 657 4593 Ἐφεσίους
675 4524 680 4537 ·
699 4507 752 4568 ἀπὸ
768 4514 934 4592 μεταφορᾶς
953 4511 1000 4568 τοῦ
1018 4507 1163 4589 μελισσῶν
1182 4505 1348 4589 βασιλέως.
1372 4553 1401 4567 ..
