3384 5134
790 330 1010 397 ..23-

422 508 527 593 ὡλευίη
544 507 575 570 δὲ
593 509 710 591 λέγεται
726 508 770 570 διὰ
793 509 825 570 τὸ
845 509 893 570 Ιἐπὶ
911 515 964 592 τῆς
980 509 1094 594 (ι’)λένης
1112 515 1161 572 aad
1174 505 1312 602 Ἠνιόχου
1331 525 1484 597 <ειναι>

314 613 345 700 ἢ,
370 615 411 686 ὡς
433 615 529 692 ἄλλοι,
555 616 673 678 Ὠλένου
697 615 834 703 θυγάτηρ.

422 727 518 792 Hane
553 727 797 808 explicationem
835 729 932 793 schol.
967 729 1006 792 ad
1031 730 1051 793 1.
1077 749 1103 795 e.
1130 732 1240 796 Maass
1276 735 1422 817 sequitur
1456 737 1486 802 in

316 835 450 900 Arateis
473 854 503 916 p.
529 841 609 898 34l:
647 835 761 919 ‘Quam
797 853 867 899 eum
895 833 1119 913 “cubitalem'’‚
1155 839 1187 903 in
1210 841 1356 923 Aurigae
1380 843 1487 910 cubito

315 943 417 1021 sitam,
436 941 531 1008 dovis
555 943 735 1006 sacerdotes
759 941 972 1024 scripsissent,
996 953 1196 1010 correcturus
1213 949 1337 1013 Aratus
1361 950 1488 1016 sinistro

318 1051 461 1129 Aurigae
496 1051 626 1114 humero
662 1048 837 1114 attribuere
872 1051 984 1114 maluit
1017 1053 1217 1133 provectiore
1251 1056 1374 1122 seilicet
1408 1059 1488 1122 caeli

316 1159 449 1222 seientia
484 1155 545 1222 sibi
581 1157 669 1222 visus
706 1158 871 1222 adiuvari’.
920 1159 982 1225 Sed
1017 1178 1087 1225 cum
1123 1162 1234 1227 Maass
1268 1164 1337 1246 ipse
1361 1166 1428 1230 iure
1453 1169 1489 1230 ut

315 1265 443 1329 videtur
478 1266 561 1330 hauc
596 1266 775 1329 memoriam
811 1263 860 1329 illi
894 1267 949 1348 qui
985 1267 1102 1332 dieitur
1137 1269 1321 1351 Epimenidi
1355 1272 1487 1348 tribuat,
1584 1252 1587 1258 ¹

316 1391 444 1455 quaero,
468 1391 543 1436 nurn
579 1373 650 1454 quis
685 1369 743 1435 sub
778 1370 919 1437 ‘cubitali
952 1378 1059 1454 eapra’
1095 1375 1267 1459 quidquam
1303 1378 1488 1460 intellegere

315 1480 425 1562 pessit.
475 1479 597 1544 Deinde
622 1481 705 1562 quod
729 1476 833 1558 ώλευῖη
865 1480 926 1544 nisi
955 1482 996 1546 ad
1020 1483 1176 1563 Aurigam
1201 1483 1340 1550 refertur
1363 1487 1488 1552 omnino

316 1587 451 1666 cogitari
485 1588 604 1669 nequit,
641 1588 752 1651 Maass
787 1591 893 1652 autem
927 1588 1107 1654 ‘cubitalem
1132 1588 1269 1671 capram'
1296 1592 1424 1658 fabulae
1449 1594 1488 1658 de

316 1694 410 1760 Jovis
433 1693 571 1760 infantia
594 1693 716 1772 inserit,
741 1695 817 1776 quid
836 1695 962 1774 Auriga
985 1697 1026 1759 ad
1042 1697 1158 1762 Jovem
1175 1700 1353 1778 puerulum,
1370 1702 1489 1784 quippe

317 1803 371 1884 qui
406 1802 438 1866 in
470 1801 667 1882 Epimenidis
703 1801 814 1866 fabula
848 1801 1016 1868 infantiam
1052 1823 1113 1868 non
1145 1805 1229 1870 inter
1253 1808 1350 1888 astra,
1376 1809 1487 1873 sedin

317 1908 414 1976 Creta
438 1908 587 1990 degerit?

423 2018 541 2082 Altera
575 2017 769 2082 scholiastae
804 2018 978 2100 explicatio
1014 2020 1090 2102 quid
1126 2020 1186 2086 sibi
1221 2021 1309 2103 velit,
1344 2022 1489 2088 concludi

316 2128 423 2206 potest
448 2144 489 2189 ex
514 2125 551 2189 iis
568 2144 650 2206 quae
674 2125 809 2200 legimus
826 2125 858 2189 in
876 2126 973 2190 schol.
991 2124 1088 2208 Soph.
1107 2147 1174 2209 arg.
1193 2129 1306 2196 Trach.
1321 2125 1489 2210 Ἀμάλθεια

316 2221 352 2312 ἧν
376 2229 506 2312 Aipora-{oe
530 2230 658 2314 θυγάτηρ
672 2230 714 2314 *),
738 2227 758 2312 ἥ
782 2230 869 2314 κέρας
894 2225 952 2316 εἶχε
980 2230 1094 2316 ταύρου,
1120 2237 1203 2318 quod
1227 2237 1335 2302 statim
1353 2237 1490 2319 explica-

318 2343 369 2404 tur
392 2340 419 2404 si
444 2337 569 2405 confers
593 2342 680 2423 Hyg.
699 2345 775 2405 astr.
795 2341 830 2404 ll
850 2343 907 2404 13:
934 2339 998 2405 ‘alii
1023 2345 1126 2406 autem
1151 2344 1245 2408 etiam
1271 2343 1311 2408 ab
1335 2345 1385 2409 his
1410 2342 1489 2425 (scil.

316 2447 411 2513 doris
435 2445 625 2521 nutricibus)
650 2447 744 2512 urbes
768 2449 922 2530 quasdam
947 2449 1105 2530 appellari
1129 2451 1289 2528 dixerunt,
1315 2455 1347 2516 et
1364 2448 1490 2517 Olenon

316 2557 348 2620 in
385 2553 500 2619 Aulide
513 2552 573 2636 **)‚
610 2555 744 2620 Helicen
780 2559 883 2621 autem
919 2557 950 2621 in
986 2558 1206 2639 Peloponneso
1241 2562 1272 2624 et
1307 2562 1433 2639 Aegam
1457 2560 1490 2624 in

317 2663 496 2728 Haemonia
531 2662 576 2727 ibi
613 2663 788 2727 nominari’.
835 2663 949 2746 Neque
984 2665 1084 2745 igitur
1119 2669 1175 2729 aut
1198 2665 1275 2748 quid
1301 2665 1490 2732 attributum

317 2771 378 2834 sibi
414 2770 490 2834 velit
525 2769 653 2834 dubium
689 2775 738 2834 est
762 2775 816 2834 aut
840 2772 917 2852 quid
948 2790 1022 2834 res:
1044 2772 1253 2838 reminiscaris
1277 2775 1359 2838 enim
1383 2775 1489 2852 velim,

317 2885 438 2960 quanta
461 2877 614 2958 religione
640 2897 737 2960 capra
762 2879 919 2942 nonnullis
943 2879 975 2942 in
999 2879 1132 2944 urbibus
1156 2877 1314 2946 Graeciae
1337 2882 1424 2947 culta
1447 2881 1491 2946 sit

317 2987 406 3050 velut
431 2986 583 3050 Phliunte
606 2986 663 3049 illa
687 2986 725 3050 de
750 3004 813 3066 qua
841 2987 932 3050 Paus.
951 2985 987 3049 H
1005 2992 1088 3064 l3‚6
1114 2986 1214 3052 verba
1236 2987 1324 3065 iacit,
1349 2989 1382 3052 id
1407 2989 1490 3070 quod

318 3093 414 3158 etiarn
439 3094 477 3156 de
500 3094 582 3176 Pylo
606 3093 807 3158 Messeniaeo
843 3093 959 3174 oppido
995 3095 1112 3158 nummi
1136 3096 1249 3160 docere
1272 3096 1432 3173 videntur,
1457 3095 1489 3160 in

318 3200 432 3282 quibus
467 3203 575 3265 statua
610 3219 726 3283 caprae
762 3237 802 3244 —
839 3203 976 3265 statuam
1012 3201 1137 3282 premo!
1177 3237 1215 3246 -
1253 3219 1407 3282 expressa
1442 3204 1492 3268 est

317 3305 330 3388 1
331 3307 435 3374 (111111.
453 3307 489 3372 of
502 3328 550 3390 gr.
568 3309 654 3374 coins
669 3330 675 3371 ε
689 3307 801 3389 Pelop.
818 3328 849 3389 p.
871 3305 963 3388 118);
994 3308 1048 3372 sed
1080 3310 1174 3373 trium
1206 3309 1331 3374 illarum
1366 3310 1490 3374 urbium

317 3416 434 3498 quibus
469 3435 581 3481 nomen
614 3427 663 3480 est
698 3413 821 3482 Olenus
857 3420 913 3481 aut
948 3415 1060 3494 Olane,
1096 3416 1180 3498 quod
1205 3435 1317 3482 nornen
1341 3418 1425 3499 Epei
1449 3437 1490 3482 ex

317 3523 444 3589 Aetolia
477 3525 510 3588 in
545 3525 702 3588 Achaiam
740 3530 772 3588 et
807 3523 933 3587 Elidem
969 3524 1198 3604 propagavisse
1223 3524 1383 3604 videntur,
1408 3542 1491 3607 qnae

317 3631 385 3695 iure
408 3631 469 3696 sibi
493 3631 634 3696 vindicet
657 3650 796 3711 capram,
833 3650 923 3696 nemo
946 3633 1055 3713 potest
1078 3637 1164 3695 certo
1189 3630 1359 3709 affirmare,
1385 3651 1492 3714 quam·

317 3757 410 3819 quam
436 3758 497 3821 quo
521 3740 732 3821 probabilitas
757 3740 896 3819 inclinet,
927 3738 1023 3805 facile
1047 3739 1252 3820 intellegitur.
1300 3739 1382 3804 Nam
1408 3739 1491 3820 quod

318 3842 400 3908 Stat.
419 3845 518 3911 'luen
545 3855 602 3910 llll
620 3867 667 3929 sq.
694 3849 731 3912 de
750 3848 898 3912 Aetolica
923 3845 1001 3911 urbe
1025 3845 1122 3910 dicit:
1149 3847 1190 3910 ‘et
1214 3864 1296 3927 quae
1311 3848 1396 3913 Jove
1420 3864 1491 3927 pro·

424 4004 450 4069 *l
472 4005 546 4062 Haec
575 4006 680 4072 quidem
709 4007 865 4074 genealogia
893 4023 945 4059 non
975 4009 1016 4058 est
1043 4005 1222 4071 Pherecydea.
1265 4004 1432 4072 Pherecydes
1459 4007 1492 4058 ad

317 4111 396 4146 cornu
417 4097 521 4151 demum
542 4096 724 4165 explicandum
745 4097 846 4150 accitur
862 4096 955 4147 :rodco
975 4089 1010 4154 δὲ,
1031 4090 1064 4147 ὣς
1083 4095 1114 4143 Φ.
1136 4092 1217 4158 φησί.
1233 4133 1259 4143 ..

424 4184 467 4249 **)
487 4185 623 4239 Invenit
642 4187 785 4253 scriptor
804 4202 838 4238 ae
856 4202 917 4238 non
936 4188 1027 4238 reete
1046 4184 1183 4252 agnovit
1201 4183 1378 4237 AXAIAI.
1417 4183 1493 4251 Quae

317 4278 466 4340 sequuntur
485 4277 565 4328 verba
584 4274 681 4330 ‘autem
702 4276 728 4327 in
752 4275 948 4342 Peloponneso'¹
968 4275 1035 4331 nihil
1054 4276 1181 4342 praebent
1194 4273 1369 4339 difficultatis
1388 4288 1447 4326 eum
1461 4288 1493 4325 ea

317 4368 424 4430 reputes
444 4382 511 4432 quae
529 4367 631 4420 Rebert
650 4367 677 4418 in
696 4365 753 4420 Cat.
777 4365 879 4433 Proleg.
900 4383 924 4432 p.
946 4366 960 4418 1
981 4367 1013 4417 de
1032 4357 1175 4413 ‘eludium’
1196 4364 1223 4417 in
1243 4360 1416 4416 ‘Aetolorum'
1436 4378 1492 4414 mu·

315 4457 373 4506 tato
392 4458 421 4507 et
439 4456 471 4507 de
492 4455 595 4522 Hygini
628 4455 809 4516 additamento
837 4455 898 4514 inde
926 4451 1038 4528 a‘quae
1057 4453 1125 4514 eum'
1145 4469 1229 4527 usque
1248 4453 1281 4506 ad
1301 4449 1352 4505 ‘est
1371 4449 1491 4504 deducta'

316 4545 469 4622 pertinente
487 4544 620 4608 disseruit,
