3384 5134
770 339 982 403 „46-

397 514 519 599 Quodsi
540 514 569 579 ei
592 514 646 596 qui
663 515 752 580 deam
769 515 915 580 nutriunt
932 512 1066 590 (ἑστιῶσι
1082 515 1122 582 cf.
1141 518 1180 582 de
1195 517 1303 582 Diana
1319 518 1464 601 Ephesia

287 622 343 686 Et.
360 623 406 686 M.
424 641 449 686 S.
467 641 496 686 v.
524 619 639 690 Δαιτός·
658 671 664 685 .
685 666 692 682 .
712 668 719 681 .
744 619 801 682 δεῖν
825 619 903 681 θεόν·
917 621 1104 706 εὐωχεῖσθαι)
1125 620 1270 705 Ἐσσῆνες
1294 628 1462 707 vocantur,

288 731 349 794 dea
376 729 446 811 ipsa
475 729 550 794 nihil
582 748 652 794 esse
680 734 789 810 potest
820 731 881 794 riisi
905 731 990 811 apis;
1022 732 1085 797 hnc
1109 731 1234 796 accedit
1258 732 1344 796 aliud
1369 753 1463 814 argu-

287 840 426 903 mentum
444 861 451 902 :
471 837 652 920 Aeschylus
675 837 758 902 enim
783 839 817 903 in
841 857 879 903 ea
903 858 985 922 quae
1006 835 1120 922 Ἱέρεια
1143 838 1329 904 inscribitur
1353 839 1464 906 fabula

288 946 373 1011 bunc
395 963 522 1010 uersum
548 945 682 1010 exhibet
705 945 759 1028 (fr.
785 944 841 1027 84)

410 1049 562 1135 εὐφαμεῖτε
581 1071 588 1084 ·
606 1049 809 1132 μελισσονόμοι
831 1049 916 1133 δόμον
936 1049 1108 1136 Ἀρτέμιδος
1131 1051 1225 1122 πέλας
1248 1050 1339 1135 οἴγειν,

287 1161 352 1226 Hic
387 1161 463 1244 quid
498 1160 560 1226 sibi
595 1161 666 1226 vult
701 1159 947 1242 ‘pelicaooupu’l
992 1163 1178 1245 Respondet
1210 1163 1244 1226 in
1272 1163 1334 1226 alio
1363 1163 1461 1243 cultu,

287 1267 408 1334 Bacchi
432 1268 511 1348 dico,
536 1268 717 1333 institutum
744 1265 899 1348 βουκόλων.
948 1269 999 1334 De
1024 1268 1139 1351 quibus
1168 1289 1239 1334 cum
1269 1289 1308 1333 ne
1339 1269 1379 1334 ab
1406 1271 1462 1334 Er-

286 1377 383 1441 winio
406 1376 519 1440 Rohde
542 1375 669 1455 quidem
694 1381 780 1440 recte
803 1377 978 1442 iudicatum
1003 1396 1072 1442 esse
1098 1378 1245 1442 rideatur
1268 1377 1462 1460 plurimique

286 1484 412 1548 intersit
437 1483 476 1547 de
499 1482 560 1546 hac
583 1483 731 1564 analogia
760 1485 848 1547 recte
882 1483 1069 1563 existimari,
1103 1485 1231 1563 paulum
1257 1483 1333 1548 mihi
1358 1483 1461 1564 digre-

286 1591 435 1655 diendum
461 1593 519 1655 est.
568 1590 680 1655 Rohde
704 1591 785 1655 enim
811 1591 842 1654 in
866 1591 995 1673 Psyche
1020 1591 1055 1655 ΙΙ
1072 1611 1103 1672 p.
1126 1597 1175 1670 12,
1193 1598 1231 1655 13
1258 1593 1366 1656 adnot.
1384 1592 1464 1657 haec

286 1697 411 1763 scribit:
449 1698 522 1778 ‚‚Ja,
559 1698 604 1763 sie
641 1697 707 1778 (die
731 1699 925 1774 Feiernden)
961 1699 1068 1764 haben
1093 1699 1163 1763 Teil
1192 1718 1232 1763 an
1257 1698 1325 1764 dem
1351 1699 1462 1764 Leben

287 1807 342 1873 des
367 1805 484 1878 Gottes
507 1804 608 1870 selbst
625 1821 632 1863 t
649 1803 755 1870 nichts
772 1805 906 1870 anderes
922 1808 1009 1870 kann
1026 1826 1059 1871 es
1083 1806 1251 1885 horientem,
1277 1825 1370 1870 wann
1394 1807 1462 1871 sich

166 1951 172 1966 ·
286 1915 336 1978 die
361 1915 556 1978 verzuouten
581 1913 701 1976 Diener
726 1914 781 1978 des
807 1911 923 1978 Gottes
947 1914 1004 1978 mit
1028 1915 1098 1978 dem
1122 1913 1248 1978 Namen
1273 1915 1328 1978 des
1346 1912 1462 1979 Gottes

287 2021 450 2086 benennen
476 2016 621 2084 ....So
658 2021 700 2084 ist
735 2021 817 2086 auch
853 2019 1014 2102 Dionysos
1050 2021 1217 2086 bisneilen
1251 2022 1298 2086 als
1323 2017 1461 2102 βουκόλος

285 2129 438 2220 gedacht:

445 2232 553 2314 ποιμένι
576 2231 757 2316 δ’ὰμραόλιον
782 2232 983 2318 ταὺμωνΔιός
1007 2235 1137 2319 αἰγιόχοιο

449 2341 499 2403 υἱέι
522 2341 702 2425 κισσαχίκουνι

285 2453 387 2518 heisst
421 2471 455 2517 es
490 2452 521 2516 in
556 2451 615 2516 den
639 2452 951 2532 pseudoorpbischen
988 2451 1117 2518 Lithioa
1141 2458 1214 2516 260.
1274 2452 1458 2516 Wiederum

285 2563 332 2625 als
356 2559 552 2626 Nachbilder
587 2560 643 2623 des
680 2557 796 2622 Gottes
831 2558 931 2623 selbst
967 2558 1093 2623 heissen
1127 2559 1212 2622 daun
1245 2559 1331 2622 seine
1355 2556 1459 2638 μύσται

288 2665 415 2748 βουκόλοι
451 2664 523 2745 (auf
556 2667 616 2730 den
655 2667 738 2730 lnss
769 2685 827 2730 ans
856 2665 1047 2731 Kleinasien
1076 2660 1168 2748 [loss.
1197 2685 1225 2730 ν.
1252 2667 1397 2742 Pergam.
1423 2665 1459 2729 II

285 2770 455 2855 485-88]
480 2774 544 2837 und
569 2771 744 2852 Thrakien)
767 2823 772 2836 .
793 2774 836 2837 ..²

393 2881 444 2944 Ac
468 2879 602 2960 primum
633 2880 758 2962 quidem
789 2880 864 2962 qnid
894 2879 973 2944 illud
1001 2880 1160 2945 occultum
1189 2878 1315 2944 intimae
1344 2879 1459 2943 aetatis

284 2989 445 3066 indicium,
482 3006 544 3069 quo
577 2985 724 3052 Bacchus
759 2984 894 3068 βουκόλος
929 2987 974 3067 lit,
1009 2987 1049 3051 ad
1085 2987 1317 3052 multitudinem
1352 3005 1459 3052 eorum

284 3097 544 3174 testimoniorum,
569 3097 742 3160 secundum
767 3115 849 3178 quae
865 3095 1047 3160 sacerdotes
1064 3095 1131 3160 eius
1150 3091 1278 3175 βυυκολοι
1294 3093 1458 3176 appellan-

284 3202 358 3270 tur?
405 3201 457 3268 Ab
486 3203 535 3267 his
564 3202 662 3284 igitur
692 3201 969 3284 proficiscendum
1000 3201 1077 3290 quid
1108 3205 1214 3266 autem
1246 3202 1305 3266 boc
1333 3201 1458 3266 nomine

284 3311 494 3394 significetur,
519 3310 738 3391 perspicunm3
763 3310 841 3373 nihil
865 3314 951 3374 certo
974 3310 1061 3374 alind
1085 3309 1143 3373 nisi
1169 3309 1224 3390 qui
1247 3309 1361 3374 bovem
1385 3309 1405 3372 i.
1430 3328 1457 3372 e.

284 3419 446 3485 Bacchum
471 3419 589 3482 colunt.
641 3417 754 3480 Altera
777 3419 870 3496 parte
893 3417 919 3480 si
943 3417 1089 3482 Bacclrns
1115 3413 1250 3496 βουκόλος
1267 3417 1457 3498 appellatur,

284 3527 389 3608 opinio
423 3530 472 3588 est
501 3544 571 3589 eum
600 3527 760 3605 pastorem
793 3542 864 3587 esse
888 3525 995 3605 gregis
1019 3523 1078 3603 sui,
1103 3524 1122 3587 i.
1149 3543 1176 3586 e.
1202 3524 1401 3588 sacerdotum
1426 3529 1458 3586 et

284 3637 468 3715 mystarum,
493 3651 573 3714 quos
597 3631 691 3695 etiam
719 3627 789 3710 βόας
812 3631 991 3712 appellatos
1015 3651 1084 3696 esse
1101 3649 1197 3710 supra
1214 3631 1368 3706 diximum
1395 3649 1458 3712 qua

283 3742 316 3804 in
340 3760 373 3805 re
409 3740 493 3821 quod
529 3739 583 3802 ille.
621 3739 675 3819 qui
711 3737 841 3803 Lithica
869 3737 996 3819 scripsit
1023 3734 1158 3818 βουκόλον
1183 3737 1222 3800 ad
1247 3737 1387 3802 litteram
1412 3737 1458 3801 in-

284 3847 420 3925 tellexit,
444 3845 563 3909 nullius
587 3844 746 3910 momenti.
795 3843 989 3926 Conspirant
1011 3845 1110 3925 igitur
1134 3845 1195 3909 hae
1219 3844 1397 3925 opiniones:

446 3952 593 4016 Bacchus
620 3947 686 4031 βοῦς
714 3988 744 3995 -
776 3951 894 4016 initiati
919 3949 995 4032 βόες,

445 4060 592 4125 Bacchus
619 4055 684 4140 βοῦς
708 4095 749 4106 -
773 4059 892 4124 initiati
918 4055 1056 4140 βουκόλοι,

448 4167 591 4233 Bacchus
618 4163 752 4247 βουκόλος
777 4167 960 4232 -initiati
986 4163 1060 4246 βόες.

284 4277 375 4361 Quae
398 4277 425 4340 si
449 4294 600 4341 concessa
624 4282 708 4354 sunt,
733 4273 879 4356 sequitur
903 4278 938 4338 ut
962 4269 1167 4354 μελισσονόμοι
1191 4269 1335 4353 μέλισσαν
1360 4270 1457 4352 νέμω-

284 4403 340 4464 σιν,
365 4385 384 4448 i.
411 4403 437 4447 e.
465 4383 569 4448 Diana
593 4383 635 4446 sit
653 4382 737 4462 apis.

390 4491 482 4576 Quae
505 4489 687 4555 testimonia
702 4490 773 4554 aliis
788 4488 965 4554 rationibus
982 4489 1097 4554 eximio
1114 4486 1351 4568 confirmantur,
1374 4505 1454 4571 quas

222 4648 227 4657 ,
260 4600 534 4704 „argumeptpndo
558 4596 745 4678 colligimus.
