3384 5134
697 331 907 394 ..41-

218 509 372 575 traditum
398 529 467 574 esse
494 509 653 591 permulta
676 511 751 574 sunt
774 506 964 588 testimonia,
990 525 1071 589 quae
1095 503 1256 572 cumulare
1281 507 1390 570 nostra

217 637 279 682 non
323 618 470 695 interest,
513 617 646 681 interest
691 615 828 697 origines
875 633 1037 697 quaerere.
1110 611 1219 697 Atque
1263 613 1390 679 novisse

217 725 345 790 videtur
379 725 463 790 hanc
499 722 639 790 fabulam
674 722 874 791 Cleostratus
909 721 1077 802 Tenedus,
1113 722 1168 805 qui
1200 720 1283 786 vixit
1321 719 1389 786 fere

216 837 309 897 sexto
333 833 459 898 saeculo
483 837 623 897 exeunte
647 836 678 895 et
702 850 793 911 quem
823 830 942 896 haedos
974 829 1058 895 iuter
1087 829 1191 895 sidera
1215 827 1390 895 ostendisse

217 939 280 1006 dici
303 940 455 1022 Hyginus
479 944 556 1005 astr.
582 940 618 1004 ll
644 946 683 1004 13
719 937 958 1004 eParmeuisci
992 937 1173 1003 testimonio
1208 937 1389 1018 conflrmat;

215 1048 298 1112 idem
322 1052 430 1112 autem
457 1047 691 1112 ‘Parmeniscus
715 1046 762 1110 ait
784 1045 938 1111 Melissea
961 1046 1116 1128 quendem
1151 1044 1250 1110 luisse
1273 1043 1390 1111 Cretae

217 1173 342 1235 regem;
379 1155 420 1218 ud
455 1154 523 1220 eius
556 1153 639 1218 filias
662 1154 778 1220 Jovem
813 1153 1016 1219 nutriendum
1052 1171 1121 1218 esse
1144 1153 1283 1219 delatum
1308 1169 1391 1234 quae

216 1261 302 1344 quod
327 1263 377 1328 lao
400 1281 462 1328 uon
485 1261 666 1340 habuerint,
700 1279 828 1343 capram
858 1260 886 1326 ei
920 1259 1086 1326 admisisse
1111 1257 1311 1326 Amaltheam
1335 1278 1389 1324 no·

216 1369 309 1447 mine,
334 1388 416 1452 quae
441 1388 511 1433 eum
538 1369 653 1435 dieitur
677 1368 830 1433 educasse
847 1413 854 1428 .
871 1368 955 1433 hanc
979 1372 1083 1433 autem
1107 1367 1248 1448 geminos
1272 1365 1390 1432 haedos

215 1475 340 1541 solitam
364 1494 434 1542 esse
457 1494 625 1557 procreare
649 1477 682 1539 et
705 1473 773 1541 iere
796 1493 833 1541 co
857 1479 999 1558 tempore
1021 1474 1193 1557 peperisse,
1223 1492 1285 1557 quo
1309 1469 1389 1554 Jup-

215 1584 301 1665 piter
323 1584 511 1649 nutriendus
535 1587 584 1648 est
608 1583 735 1648 adlatus
753 1633 758 1646 .
777 1583 887 1666 itaque
910 1586 1041 1666 propter
1067 1582 1252 1648 heneficium
1276 1581 1387 1646 matris

215 1693 248 1755 et
272 1689 390 1756 haedos
423 1708 550 1774 quoque
580 1691 697 1755 dieitur
725 1689 808 1754 inter
836 1690 942 1755 sidera
970 1688 1152 1757 collocasse’
1177 1688 1279 1773 (Hyg.
1298 1692 1316 1754 l.
1338 1686 1389 1768 e).

324 1817 463 1883 Accedit
486 1819 569 1896 quod
592 1817 687 1882 Jovis
710 1835 809 1898 capra
832 1817 903 1895 ipsa
927 1816 979 1881 vel
1003 1815 1171 1882 alduseeo
1195 1815 1279 1880 inter
1302 1821 1390 1880 astra

215 1924 371 1989 collocata
394 1928 444 1990 est
468 1923 579 1990 fabula
602 1923 749 2006 quamvis
772 1924 891 2006 inepte,
916 1942 980 2008 qua
1004 1927 1095 1988 utet
1118 1924 1231 1989 sideris
1262 1922 1389 2005 Caprae

216 2034 249 2096 et
272 2030 395 2113 aegidis
418 2032 512 2098 Jovis
537 2035 717 2112 exponatur
741 2030 837 2110 origo,
865 2029 1011 2098 Creticae
1035 2049 1151 2112 caprae
1179 2035 1303 2111 tergum
1328 2030 1389 2094 iam

217 2137 311 2203 vivae
334 2137 504 2218 Gorgoneo
528 2138 719 2203 instructum
742 2143 775 2203 et
797 2137 891 2220 pellis
915 2157 934 2203 a
955 2137 1042 2204 Jove
1064 2157 1135 2205 oum
1152 2137 1277 2202 Titanis
1301 2136 1389 2201 dimi·

216 2249 310 2311 cante
335 2249 435 2310 exuta
459 2245 562 2311 fertur
584 2245 637 2317 (fr.
658 2241 750 2326 81)).
797 2243 881 2311 Solis
905 2249 1011 2312 autem
1031 2245 1126 2310 filiam
1144 2263 1272 2326 capram
1297 2243 1389 2310 abeo

215 2359 312 2433 poeta
342 2351 458 2417 dictam
490 2373 559 2419 esse
590 2354 643 2437 qui
676 2354 745 2434 ipse
778 2373 812 2418 se
835 2354 948 2418 Lunae
970 2352 1069 2418 filium
1093 2352 1302 2432 confirmavit,
1327 2370 1389 2417 non

216 2478 286 2524 esse
309 2460 393 2542 quod
417 2461 566 2525 miremur
582 2461 700 2543 optime
716 2460 839 2526 Robert
860 2460 1019 2528 observat.
1068 2457 1172 2541 (Erat.
1190 2479 1221 2541 p.
1240 2457 1329 2537 240).
1349 2493 1388 2503 —

216 2564 280 2632 Sed
304 2586 399 2632 unum
417 2566 525 2632 obstat
541 2573 573 2633 et
589 2569 621 2633 id
637 2569 876 2648 gravissimum
902 2586 973 2633 nam
997 2587 1101 2650 neque
1124 2568 1151 2632 si
1167 2567 1388 2633 auctoritatem

215 2693 318 2757 neque
341 2675 368 2739 si
392 2677 585 2741 vetustatem
609 2677 738 2741 testium
755 2675 971 2757 perpenderis,
991 2675 1161 2758 quicquam
1177 2673 1311 2740 habebis
1327 2692 1390 2755 quo

215 2781 376 2847 discernas
410 2785 514 2846 utrum
547 2784 687 2864 nympha
720 2783 895 2848 Amalthea
927 2781 1026 2848 fuerit
1049 2801 1090 2847 an
1114 2801 1212 2865 capra
1235 2800 1305 2846 cum
1328 2781 1390 2847 hoc

215 2887 255 2953 ab
280 2889 350 2954 eliis
374 2890 472 2954 aliter
495 2891 650 2955 tradatur.
701 2893 812 2973 Atque
836 2909 934 2972 capra
958 2891 1084 2973 quidem
1113 2909 1176 2955 non
1200 2908 1262 2955 uuo
1287 2887 1388 2954 Grae·

215 2997 283 3062 ciae
307 2997 374 3063 loco
398 3004 560 3080 tamquam
585 3017 701 3062 numen
725 2999 850 3064 colitur.
899 2998 1004 3083 Quem
1028 2999 1060 3063 in
1089 3017 1154 3063 rem
1178 2997 1386 3063 clarissimam

215 3103 308 3170 affert
330 3105 431 3169 lucem
455 3105 618 3170 Phliasiae
641 3123 758 3187 caprae
782 3106 929 3187 exemplo
944 3105 1042 3170 Paus.
1060 3106 1096 3170 ΙΙ
1115 3103 1166 3184 13,
1181 3111 1215 3168 6:
1241 3100 1390 3164 induemur

214 3205 246 3270 δὲ
271 3207 315 3270 ἐπὶ
336 3215 390 3292 τῆς
407 3211 512 3295 ἀγορᾶς
528 3197 576 3280 effi
593 3209 702 3294 χαλκῆ,
726 3210 763 3270 τὰ
786 3208 883 3270 πολλοὶ
907 3208 1057 3295 ἐπίχρυσος
1074 3232 1081 3245 ·
1098 3210 1177 3295 παρὰ
1193 3207 1224 3271 δὲ
1242 3208 1390 3279 Φλιασίοις

217 3315 302 3398 τιμάς
325 3315 369 3378 ἐπί
391 3315 466 3401 τῷδε
491 3315 599 3403 εἴληφε
617 3369 624 3396 ,
641 3319 673 3378 τὸ
698 3315 801 3402 ἄστρον
816 3315 853 3400 ἣν
870 3315 1058 3400 ὀνομάζουσιν
1081 3312 1155 3401 αἶγα,
1184 3316 1390 3380 ἀνατέλλουσα

214 3423 267 3492 τὰς
291 3422 437 3505 ἀμπέλους
471 3424 639 3508 λυμαίνεται
674 3431 804 3510 συνεχῶς
820 3473 826 3487 .
842 3423 887 3486 ἵνα
922 3421 953 3486 δὲ
989 3423 1077 3510 ἄχαρι
1112 3423 1202 3508 μηδὲν
1231 3424 1273 3487 ἐπ’
1300 3425 1390 3509 αὐτῆς

214 3529 338 3612 γένηταί,
363 3531 387 3591 οἱ
409 3529 442 3592 δὲ
464 3533 517 3615 τὴν
543 3531 588 3594 ἐπί
615 3539 667 3616 τῆς
691 3535 796 3618 ἀγορᾶς
818 3532 934 3618 χαλκῆν
958 3527 1022 3615 αἶγα
1046 3530 1149 3602 ἄλλοις
1171 3554 1203 3594 τε
1226 3538 1329 3615 τιμῶσι
1345 3533 1390 3595 καί

215 3641 315 3722 χρυσοῖ
342 3637 374 3699 τὸ
406 3636 526 3723 ἄγαλμα
556 3640 781 3723 ἐπικοσμοῦντες.
839 3643 941 3728 Quem
975 3643 1015 3707 ad
1040 3643 1141 3708 locum
1167 3644 1286 3708 Frazer
1311 3643 1390 3708 haee

215 3747 362 3813 adnotat:
388 3747 431 3812 ‘It
454 3767 527 3833 may
551 3749 591 3815 he
615 3749 819 3829 conjectured
843 3751 915 3815 that
930 3750 986 3815 the
1001 3751 1105 3831 image
1121 3749 1157 3816 ol
1178 3751 1234 3815 the
1258 3756 1334 3831 goat
1357 3751 1389 3815 in

215 3855 270 3918 the
292 3857 524 3936 market-plece
548 3857 582 3923 oi
605 3857 719 3922 Phlius
747 3859 951 3939 represented
979 3857 1143 3940 Dionysus
1173 3857 1323 3923 himself.
1343 3907 1350 3922 .
1370 3859 1388 3921 .’

215 3961 341 4027 Deinde
364 3963 515 4028 laudatur
529 3965 563 4030 J.
581 3966 696 4030 Moure
714 3985 720 4027 ε
738 3965 786 4031 Le
802 3983 952 4047 royaume
968 3967 1009 4030 du
1027 3964 1211 4047 Cambodge
1228 3965 1246 4029 Ι
1261 3985 1291 4046 p.
1308 3971 1387 4030 179:

218 4067 343 4135 “unere
368 4091 422 4136 are
445 4071 527 4136 idols
543 4073 649 4138 which
673 4074 801 4138 contain
825 4073 935 4155 spirits
960 4091 1037 4139 ever
1060 4075 1158 4155 ready
1182 4078 1214 4138 to
1239 4073 1310 4137 heal
1334 4074 1389 4139 the

215 4176 286 4242 siclr
314 4178 387 4242 who
418 4179 560 4258 worship
591 4181 686 4244 them.
735 4178 807 4245 One
831 4180 924 4261 thing
947 4179 1055 4245 which
1078 4180 1106 4244 is
1130 4180 1269 4260 thought
1292 4183 1325 4245 to
1348 4179 1389 4245 be

215 4285 387 4366 especially
412 4285 580 4365 agraeable
602 4290 635 4352 to
660 4288 750 4352 these
773 4286 885 4369 spirits
908 4287 935 4351 is
959 4292 992 4353 to
1015 4288 1083 4370 gild
1107 4287 1193 4352 them
1212 4288 1331 4372 wholly
1354 4306 1390 4352 or

213 4393 247 4457 in
271 4399 354 4474 part.
402 4390 445 4458 So
468 4393 523 4459 the
548 4393 691 4475 pilgrims
717 4395 840 4478 always
868 4395 964 4477 bring
994 4395 1073 4460 with
1101 4396 1188 4461 them
1212 4415 1298 4461 some
1321 4395 1388 4476 gild

214 4517 317 4591 paper
340 4501 433 4566 when
459 4501 535 4584 they
560 4519 614 4567 are
637 4503 734 4585 going
757 4509 790 4569 to
813 4521 894 4588 pray
917 4506 950 4569 to
966 4503 1058 4568 these
1074 4503 1194 4584 spirits.
1241 4504 1288 4568 To
1305 4503 1388 4569 sticlr
