3384 5134
773 333 986 398 *32³

295 513 428 594 agreat
450 525 573 594 crown3
610 513 673 577 and
708 531 804 594 every
838 511 978 594 evening
1012 500 1128 592 during
1151 512 1206 576 the
1230 512 1334 579 whole
1357 503 1394 578 of
1413 506 1469 576 the

294 620 404 685 month
427 618 481 684 the
515 637 623 701 young
649 619 763 700 people
786 617 823 684 of
843 617 921 684 both
946 636 1042 684 sexes
1066 620 1190 684 danoed
1214 619 1340 701 singing
1369 619 1468 684 about

293 728 348 792 the
371 725 463 806 pole’.
510 728 585 794 Jam
610 727 685 790 inde
709 729 845 808 apparet
867 726 950 791 idem
980 746 1095 792 numen
1118 727 1180 792 ooli
1208 730 1241 792 et
1265 746 1284 791 a
1308 727 1412 792 Deliis
1436 733 1468 792 et

294 854 313 898 a
336 832 544 900 Cretensibus
572 837 606 898 et
628 853 647 898 a
671 832 800 916 Cypriis
824 834 920 898 choro
954 833 1190 899 celebrantibus
1225 833 1295 899 sive
1323 835 1354 899 id
1383 835 1468 917 quod

293 942 403 1024 Myros
428 941 506 1006 dicit
531 950 561 1006 'a
577 941 727 1005 trec-like
744 941 844 1022 thing’
864 941 932 1006 sive
949 941 1093 1006 arborem
1110 941 1313 1023 imaguncula
1329 944 1467 1025 quadam

292 1045 519 1127 instructam*)
537 1048 606 1114 sive
622 1048 826 1114 simulacrum
843 1048 968 1114 coronis
985 1050 1131 1113 ornatum
1148 1049 1217 1113 sive
1234 1049 1466 1115 sanctissimam

292 1156 383 1220 deam
407 1155 519 1237 ipsam,
557 1174 671 1220 numen
707 1154 777 1220 dico
813 1156 865 1220 vel
889 1155 974 1219 veris
999 1155 1102 1220 renati
1126 1156 1179 1219 vel
1202 1154 1323 1220 florum.
1372 1157 1465 1242 Quod

292 1270 327 1327 ut
350 1263 446 1343 plane
481 1266 646 1344 appareat,
683 1266 881 1326 revertamus
916 1263 955 1326 ad
992 1281 1061 1327 earn
1096 1261 1129 1326 in
1154 1281 1217 1344 qna
1241 1263 1467 1344 disputationis

291 1371 386 1435 cardo
410 1369 548 1434 vertitur
571 1369 688 1434 Thesei
712 1387 870 1436 coronam.
917 1370 1029 1452 Atque
1054 1370 1260 1450 Euphronius
1283 1371 1410 1452 quidem
1434 1371 1467 1436 in

291 1475 457 1542 notissima
480 1481 593 1558 patere
616 1475 772 1542 Theseum
797 1477 829 1540 in
854 1494 940 1542 mare
977 1476 1153 1542 demersum
1189 1477 1230 1542 ab
1267 1477 1468 1558 Amphitrite

291 1601 439 1650 coronam
463 1583 672 1665 accipientem
698 1582 788 1662 facit,
820 1601 885 1666 qua
913 1602 947 1648 re
976 1583 1189 1666 congruit-
1215 1587 1251 1648 ut
1274 1585 1401 1649 videtur
1425 1621 1466 1630 —

291 1711 361 1757 cum
386 1709 424 1755 ea
446 1691 573 1773 pictura
596 1709 691 1773 quam
727 1691 812 1756 Mico
847 1690 1024 1773 composuit
1058 1691 1092 1754 in
1127 1692 1250 1756 Theseo
1286 1688 1340 1770 (cl.
1367 1691 1467 1756 Klein

290 1792 522 1880 Euphronios2
546 1817 576 1878 p.
605 1803 666 1861 182
691 1794 785 1880 sqq.),
811 1815 874 1879 qua
898 1798 937 1861 de
961 1797 1089 1878 pictura
1115 1798 1208 1862 Paus.
1234 1797 1252 1862 Ι
1281 1804 1363 1878 17,3
1388 1799 1468 1864 haec

291 1906 442 1972 exhibet:
477 1907 525 1963 τοῦ
558 1901 589 1963 δὲ
616 1901 708 1988 τρίτου
732 1907 792 1965 τῖον
816 1902 922 1988 τοίχων
947 1901 966 1984 η
990 1901 1086 1987 ηραρη
1112 1901 1152 1985 μὴ
1181 1901 1350 1985 πυθομένοις
1374 1901 1393 1962 ἃ
1416 1902 1466 1963 λε’-

290 2033 386 2094 ηοοσιν
422 2009 452 2072 οὐ
477 2012 575 2094 σαρής
604 2009 693 2083 ἐστιν,
730 2009 767 2070 τὰ
795 2006 826 2070 δὲ
851 2008 955 2070 Μίκων
980 2009 1011 2070 οὐ
1039 2009 1088 2070 τὸν
1116 2008 1213 2070 πάντα
1237 2007 1343 2095 ἐήραψε
1367 2011 1465 2092 λόγον.

292 2117 398 2186 Μίνως
431 2117 519 2198 ἡνίκα
554 2116 655 2199 Θησέα
690 2115 736 2177 καί
767 2115 818 2177 τὸν
855 2115 949 2178 σίαλον
984 2116 1089 2177 creber
1114 2122 1178 2180 τῶν
1202 2115 1313 2178 παίδων
1337 2109 1410 2198 ἦρεν
1436 2117 1467 2187 ἐς

285 2224 426 2310 Κρήτην,
456 2223 593 2307 ἐρασθείς
619 2222 784 2306 Περιβοίας,
812 2220 853 2291 ὥς
876 2223 899 2283 οἱ
923 2221 1038 2306 Θησεὺς
1063 2221 1193 2303 μαλιστα
1215 2225 1390 2306 ηναντιᾶτο,
1421 2224 1468 2286 καί

292 2331 373 2392 ἄλλα
401 2329 450 2392 ὑπὸ
479 2331 565 2414 ὀργῆς
589 2330 746 2416 ἀπέρριψεν
773 2328 803 2398 ἐς
827 2329 917 2393 αὐτὸν
943 2331 989 2391 καί
1013 2329 1099 2390 παῖδα
1123 2331 1172 2391 οόκ
1196 2327 1253 2415 ἔφη
1279 2329 1467 2402 Ποσειδῶνος

292 2431 375 2512 εἶναι,
402 2437 458 2498 ἐπεί
477 2437 508 2498 οὐ
524 2435 669 2498 δύνασθαί
694 2436 752 2520 τἠν
771 2435 911 2522 σφραγῖδα
935 2435 975 2520 ἣν
1001 2437 1088 2506 αὐτὸς
1104 2437 1204 2522 ρέρων
1230 2435 1349 2522 ἔτυχεν,
1375 2438 1466 2524 ἀρεν-

293 2567 320 2606 rr
343 2544 374 2614 ἐς
408 2543 568 2605 θάλασσαν
605 2545 759 2605 ἀνασῶσαί
797 2544 820 2604 οἱ
837 2592 843 2604 .
863 2542 968 2612 Μίνως
1003 2542 1059 2628 ρὲν
1095 2543 1214 2627 hereret
1248 2551 1342 2606 ταῦτα
1378 2543 1465 2611 εἰπὼν

292 2655 407 2738 ἀρεῐνατ
440 2651 496 2735 τὴν
527 2650 688 2737 σρραηῑδα·
714 2650 816 2734 Θησέα
848 2649 879 2712 δὲ
911 2651 1053 2737 σρραηῖδοί
1089 2674 1117 2714 τε
1142 2651 1259 2735 ἐκείνην
1285 2649 1397 2738 ἔχοντα
1421 2654 1467 2715 καί

291 2760 443 2846 στέφανον
472 2767 611 2844 χρυσοῦν,
641 2755 843 2844 Ἀμφιτρίτης
875 2759 980 2844 δωρον,
1010 2759 1151 2824 ἀνελθεῖν
1183 2759 1315 2842 λεήοοστν
1348 2760 1380 2822 ἐκ
1411 2766 1467 2830 τν”ς

291 2867 459 2950 θαλάσσης.

398 2977 588 3044 Rectissime
612 2978 650 3042 de
674 2977 735 3042 hac
763 2977 947 3043 narratione
978 2978 1087 3043 Pallet
1118 2977 1240 3044 iudicat
1263 2977 1297 3058 (l.
1315 2997 1342 3044 c.
1360 2997 1391 3059 p.
1411 2974 1466 3060 58)

292 3085 394 3166 primo
411 3085 524 3150 obtutu
542 3103 699 3165 coronam,
717 3102 800 3166 quae
817 3085 932 3150 annulo
948 3088 1134 3167 recuperato
1151 3086 1191 3150 ad
1215 3085 1465 3152 controversiam

292 3192 527 3258 diiudicandum
552 3192 630 3257 nihil
656 3192 719 3257 iam
742 3193 860 3272 valeat,
895 3191 1086 3275 superfluam
1111 3193 1222 3258 videri.
1271 3192 1357 3278 Quid
1381 3195 1467 3276 quod

290 3300 324 3364 in
347 3299 502 3382 Bacchyl.
528 3318 624 3364 carm.
650 3299 741 3364 XVI
765 3299 875 3365 annuli
898 3300 966 3365 eius
986 3319 1079 3383 quem
1104 3300 1210 3366 Minos
1233 3299 1385 3366 fluctibus
1409 3301 1466 3366 im·

291 3406 388 3486 misit,
424 3407 487 3470 iam
522 3426 562 3471 ne
598 3407 715 3472 mentio
740 3406 868 3489 quidem
891 3405 950 3471 fit?
996 3407 1132 3472 Duabus
1155 3407 1255 3489 igitur
1278 3427 1295 3473 e
1319 3407 1467 3489 partibus

290 3515 369 3578 haec
393 3512 504 3578 fabula
527 3514 573 3579 ita
597 3513 735 3580 conflata
753 3516 812 3593 est,
838 3516 873 3578 ut
898 3533 954 3594 per
978 3533 1016 3579 ea
1039 3532 1122 3596 quae
1148 3515 1186 3579 de
1209 3514 1283 3579 rinc
1298 3514 1418 3579 Minois
1435 3517 1467 3580 ct

291 3621 407 3686 Thesei
431 3620 606 3705 finguntur,
632 3623 794 3704 tamquam
819 3641 874 3702 per
891 3621 1083 3703 prooemium
1102 3621 1328 3702 perveniamus
1353 3623 1393 3687 ad
1417 3641 1464 3702 ea,

291 3747 374 3813 qnae
407 3729 446 3794 de
480 3730 604 3795 Theseo
640 3729 719 3794 mari
743 3729 889 3802 immerso
913 3732 1126 3812 coronatoque
1150 3727 1307 3794 feruntur.
1355 3730 1467 3812 Atque

397 3907 422 3971 *)
442 3908 542 3962 Frazer
560 3907 577 3959 l.
591 3923 614 3960 c.
628 3923 653 3974 p.
667 3903 762 3973 20ss&
792 3906 882 3960 There
909 3907 932 3960 is
961 3922 995 3960 an
1023 3905 1184 3960 instructius
1211 3905 1279 3960 class
1298 3905 1330 3958 of
1345 3921 1419 3960 cases
1438 3905 1466 3960 in

290 3996 378 4050 which
396 3997 444 4050 the
462 3995 612 4064 trec-spirit
631 3995 653 4049 is
672 3997 843 4064 represented
861 3995 1083 4062 simultaneonsly
1102 3995 1130 4048 in
1155 3995 1296 4063 vegetable
1325 3995 1392 4048 form
1416 3997 1467 4050 end

290 4086 318 4140 in
336 4087 435 4140 humen
453 4086 529 4154 form,
558 4085 647 4139 which
669 4101 714 4138 cre
740 4090 783 4139 set
808 4085 863 4139 side
881 4086 917 4152 by
935 4085 991 4138 side
1011 4101 1040 4138 as
1059 4084 1083 4137 if
1100 4084 1142 4138 sor
1159 4085 1207 4140 the
1226 4101 1334 4153 express
1353 4101 1467 4154 purpose

289 4175 320 4229 of
336 4175 489 4244 explaining
508 4175 573 4229 each
592 4175 677 4229 other.
715 4174 748 4228 In
766 4175 844 4228 these
863 4190 936 4228 cases
955 4174 1003 4228 the
1022 4173 1122 4227 human
1142 4175 1352 4242 representative
1370 4174 1402 4228 ol
1418 4174 1466 4228 the

290 4265 438 4333 trec-spirit
456 4265 478 4319 is
498 4265 650 4320 sometimes
668 4281 684 4318 a
703 4265 757 4318 doll
776 4281 805 4317 or
824 4267 925 4333 puppet
944 4263 1095 4318 sometimes
1115 4280 1131 4317 a
1155 4263 1241 4331 living
1266 4281 1374 4332 person;
1398 4263 1421 4317 it
1445 4264 1467 4317 is

290 4354 382 4422 placed
401 4355 490 4409 beside
508 4369 524 4408 c
542 4358 600 4408 tree
619 4371 648 4407 or
667 4353 769 4422 bough3
789 4370 818 4408 so
836 4354 898 4407 that
915 4353 1041 4422 together
1058 4353 1106 4407 the
1125 4369 1219 4422 person
1239 4371 1268 4406 or
1286 4355 1396 4422 puppet,
1415 4356 1467 4408 and

290 4445 337 4498 the
355 4448 413 4498 trce
432 4461 461 4498 or
480 4444 568 4512 bough
589 4443 656 4498 form
676 4459 692 4497 a
710 4447 766 4497 sort
784 4443 814 4498 of
831 4440 961 4510 bilingnal
974 4443 1137 4511 inscription,
1154 4443 1201 4497 the
1220 4460 1269 4498 one
1288 4444 1377 4511 being,
1396 4459 1425 4497 so
1438 4446 1467 4497 to

291 4533 383 4602 speek,
402 4550 418 4588 o
436 4533 597 4588 translation
616 4533 647 4588 of
663 4533 710 4587 the
729 4533 815 4587 other.
