3384 5134
767 317 966 375 ..8-

284 497 303 556 2
328 510 361 572 p.
387 490 443 571 57)
468 509 509 555 au
533 493 714 556 concretum
738 495 771 554 et
794 493 975 572 separatum
1001 510 1126 554 numen.
1175 489 1267 575 Quae
1290 491 1326 555 ut
1349 491 1456 555 decer-

281 616 393 663 namus
416 597 559 677 inprimis
586 599 741 680 quantum
758 597 853 679 pretii
876 598 1010 678 singulis
1034 597 1223 662 testimoniis
1246 597 1323 662 insit
1345 616 1456 664 secun·

282 706 356 771 dum
381 707 518 770 aetatem
541 703 634 769 iuvat
656 705 850 770 examinare.

393 813 420 876 Ι.
447 812 500 877 Ac
522 810 658 892 primum
688 811 815 892 quidem
847 810 1064 879 Callimachus
1092 813 1208 878 Jovem
1245 813 1414 894 parvulum
1439 832 1458 878 a

284 919 428 984 Dictaeis
452 918 559 983 Meliis
582 917 742 984 bracchiis
765 917 844 998 tolli,
869 917 910 983 ab
929 919 1094 984 Adrastea
1118 919 1208 984 cuuis
1232 920 1336 986 aureis
1360 919 1458 1002 sopiri

284 1025 363 1092 facit
376 1022 407 1107 *λ
431 1023 552 1108 (hymn.
570 1025 591 1090 i.
608 1027 684 1092 Jov.
702 1045 749 1090 vs.
767 1029 810 1090 46
828 1021 928 1108 sqq.);
958 1045 1061 1108 neque
1091 1025 1192 1106 igitur
1215 1026 1355 1108 dubium,
1380 1027 1457 1110 quin

286 1136 480 1200 Adrasteam
504 1134 676 1216 nympham
700 1133 876 1215 intellegat.

389 1240 435 1305 ΙΙ.
460 1238 614 1324 Sequitur
637 1240 830 1322 Apollonius
854 1241 998 1306 Rhodius
1021 1238 1142 1322 Argon.
1168 1241 1223 1305 ΙΙΙ
1250 1245 1311 1306 132
1331 1261 1400 1324 sqq.

442 1346 489 1407 καί
512 1344 560 1406 κέν
583 1367 625 1406 τοι
648 1345 785 1426 ὀπάσαιμι
809 1345 873 1415 Διὸς
897 1343 1072 1430 περικαλλὲς
1095 1344 1212 1432 ἄθυρμα

443 1459 526 1528 κεῖνο,
551 1454 583 1514 τό
606 1453 630 1514 οί
652 1453 753 1535 ποίησε
778 1453 849 1538 φίλη
872 1452 978 1540 τροφὸς
1002 1452 1178 1538 Ἀδρήστεια

444 1558 542 1646 ι’ίντριρ
567 1559 597 1621 ἐν
624 1558 717 1644 Ἰδαίῳ
742 1557 786 1622 ἔτι
808 1563 894 1643 νήπια
917 1562 1083 1647 κουρίζοντι,

444 1675 567 1753 σφαῖραν
593 1665 782 1752 ἐυτρόχαλον,
806 1673 860 1750 τῆς
883 1667 914 1728 οὐ
938 1667 972 1728 σιί
991 1689 1022 1750 κε
1047 1668 1152 1750 μείλιον
1169 1667 1244 1730 ἀλλο

448 1781 552 1860 χειρῶν
572 1770 740 1860 Ἡφαίστοιο
764 1777 1001 1858 κατακτεατίσσῃ
1029 1774 1132 1859 ἄρειον.

445 1882 555 1968 χρύσεα
580 1881 633 1964 μέν
657 1882 681 1942 οἱ
703 1881 796 1943 κύκλα
824 1882 1023 1967 ’τετεύχαται
1047 1883 1119 1968 ἀμφί
1142 1882 1281 1968 δ’ἑκοίστιρ

443 1990 555 2051 διπλόαι
578 1988 678 2072 ἁψῖδες
698 1990 846 2075 περιηγέες
870 1989 1048 2056 είλίσσυνται,

443 2096 561 2182 κρυπταὶ
583 2094 615 2158 δὲ
640 2096 729 2182 ρἀφαί
753 2098 820 2157 εἰσιν
835 2113 842 2128 ·
858 2085 922 2168 ἕλιξ
945 2095 1140 2182 δ’ἐπιδέδφομε
1164 2098 1269 2170 πιίσαις

443 2204 561 2287 κυανέη.
588 2204 661 2289 ἀτοίρ
685 2200 714 2265 εί
733 2226 779 2287 μιν
804 2201 864 2273 ἑαῖς
888 2204 929 2266 ἐνί
951 2204 1034 2289 χερσί
1059 2204 1166 2288 βάλοιο,

445 2310 542 2397 ἀστὴρ
567 2309 617 2386 ὥς,
642 2309 822 2396 φλεγέθοντα
846 2310 881 2372 δι’
905 2311 992 2396 ἠέρος
1015 2311 1099 2373 ὁλκὸν
1122 2311 1205 2396 ίησιν,

445 2421 499 2502 τήν
526 2441 567 2480 τοι
591 2415 662 2501 ἐρὼν
686 2419 795 2480 ὀπάσαι.

391 2546 530 2614 Globum
566 2547 655 2610 illum
689 2549 838 2612 accurate
874 2548 1066 2629 descriptum
1103 2567 1165 2613 non
1202 2551 1367 2630 quodlibet
1389 2571 1458 2616 csse

285 2656 406 2737 puerile
430 2653 612 2733 ludibrium,
637 2654 693 2718 sed
710 2653 819 2718 mundi
835 2654 1005 2736 imaginem
1022 2658 1177 2737 apparet;
1203 2663 1341 2738 apparet
1364 2657 1458 2723 etiam

284 2763 372 2827 illum
395 2763 473 2828 Jovi
497 2780 559 2826 non
583 2781 603 2826 a
626 2761 771 2841 qualibet
801 2762 912 2827 altrice
941 2762 1009 2827 dari
1038 2780 1142 2843 posse.
1189 2765 1363 2829 Praeterea
1386 2770 1459 2824 κεῖνο

285 2869 441 2935 vocabulo
464 2869 626 2935 indicatur
658 2869 838 2948 opinionem
870 2871 957 2934 illam
991 2875 1097 2936 notam
1131 2893 1215 2950 esse;
1253 2891 1348 2955 quam
1382 2875 1459 2938 nota

285 2976 394 3057 fuerit,
420 2977 469 3041 vel
495 2976 556 3040 hac
579 2995 613 3040 re
636 2974 872 3058 comprobatur,
898 2979 982 3059 quod
1009 2978 1103 3043 ctiam
1121 2979 1292 3046 Caracalla
1315 2979 1459 3060 principe

285 3085 317 3148 in
342 3084 476 3148 nummis
501 3083 665 3148 Adrastea
697 3082 828 3162 fingitur
861 3101 944 3166 quae
967 3085 1082 3150 ιλονοιιι
1112 3087 1268 3152 infantem
1302 3085 1459 3151 bracchiis

286 3189 349 3255 fert
372 3189 467 3271 globo
492 3189 579 3254 humi
602 3190 706 3271 posito
731 3187 787 3272 (cf.
813 3191 914 3256 Areh.
932 3191 1048 3257 Jahrb.
1068 3194 1121 3258 ΙΙΙ
1138 3213 1169 3275 ρ.
1189 3198 1253 3258 290
1272 3195 1305 3258 et
1320 3191 1387 3256 tab.
1403 3192 1459 3258 IX

288 3297 350 3377 la).
399 3297 472 3364 Hoc
495 3297 595 3376 igitur
618 3318 659 3362 ex
684 3299 848 3378 Apollonii
872 3298 941 3364 loco
965 3300 1026 3364 duo
1045 3301 1124 3365 haec
1148 3300 1292 3365 concludi
1309 3303 1458 3380 possunt:

286 3406 514 3486 primumcum
539 3403 682 3470 inventio
705 3404 800 3471 Jovis
823 3405 909 3487 globi
934 3426 1029 3471 sensu
1046 3410 1165 3486 careat,
1190 3408 1251 3472 nisi
1276 3427 1345 3487 eum
1372 3427 1459 3471 mun·

285 3513 358 3578 dum
383 3512 613 3593 interpretaris,
639 3513 810 3593 allegorica
834 3513 914 3579 haee
938 3515 1023 3579 notio
1048 3523 1096 3578 est
1120 3514 1321 3595 principalia
1347 3514 1460 3580 deinde

285 3622 479 3686 Adrasteam
503 3619 599 3700 globo
623 3620 676 3684 illo
699 3620 888 3685 instructam
913 3641 1105 3704 quamquam
1123 3622 1294 3704 nympham
1311 3642 1374 3688 non
1390 3641 1460 3687 esse

286 3732 430 3810 apparet,
456 3731 562 3793 tamen
586 3728 619 3792 in
643 3748 796 3810 suspenso
820 3732 871 3794 est
895 3733 1000 3794 utrum
1025 3729 1120 3809 globo
1145 3730 1253 3796 addito
1277 3749 1295 3794 e
1318 3729 1460 3811 nympha

285 3836 469 3902 Necessitas
505 3837 613 3900 mundi
640 3836 752 3918 regina
787 3856 828 3902 an
858 3856 897 3900 ex
924 3835 1127 3902 Necessitate
1151 3836 1292 3919 nympha
1317 3835 1405 3902 iacta
1427 3836 1459 3901 in

286 3944 383 4008 ldaee
401 3947 493 4008 antro
517 3943 674 4009 collocata
697 3943 748 4009 sit.
775 3980 816 3988 —

392 4049 456 4115 HI.
487 4050 652 4135 Quomodo
687 4050 719 4115 in
755 4049 969 4132 Orphiccrum
1005 4050 1177 4130 theogonia
1214 4069 1308 4132 quam
1344 4056 1460 4118 vocant

286 4158 476 4240 rhapsodioa
511 4155 671 4223 Adrastea
712 4157 929 4238 intellegatur,
967 4155 1097 4222 dubium
1141 4177 1210 4224 esse
1245 4179 1307 4225 non
1342 4162 1457 4238 potest.

393 4334 419 4400 *)
440 4335 518 4389 Falso
532 4334 689 4403 Posnansky
703 4335 721 4389 l.
735 4351 775 4388 e:
791 4333 884 4398 „Nach
898 4331 1001 4387 Gallim.
1017 4334 1042 4387 h.
1055 4335 1071 4388 i.
1084 4335 1147 4390 Jov.
1161 4337 1195 4390 46
1204 4335 1231 4390 o.
1245 4337 1303 4390 siud
1317 4334 1461 4390 Adrasteia

285 4427 340 4478 und
359 4426 401 4479 die
424 4427 484 4477 dort
502 4428 676 4492 ungenannte
695 4424 750 4490 Ide,
770 4424 811 4478 die
824 4424 899 4478 beide
919 4425 970 4478 den
983 4423 1087 4479 Namen
1103 4421 1280 4496 Κορυβάντων
1293 4421 1394 4495 erepat,
1408 4425 1459 4474 Λι-

288 4513 378 4564 ueniat
396 4509 483 4580 μελίαι
503 4515 598 4582 haben,
618 4515 809 4574 W'drterinneu
828 4517 874 4568 des
892 4514 991 4571 Zeus“.
