<?xml version="1.0" encoding="UTF-8"?>
<!DOCTYPE html PUBLIC "-//W3C//DTD XHTML 1.0 Transitional//EN"
    "http://www.w3.org/TR/xhtml1/DTD/xhtml1-transitional.dtd">
<html xmlns="http://www.w3.org/1999/xhtml" xml:lang="en" lang="en">
 <head>
  <title>
</title>
<meta http-equiv="Content-Type" content="text/html;charset=utf-8" />
  <meta name='ocr-system' content='tesseract 3.04.00' />
  <meta name='ocr-capabilities' content='ocr_page ocr_carea ocr_par ocr_line ocrx_word'/>
</head>
<body>
  <div class='ocr_page' id='page_1' title='image "./dejovecretico00unkngoog_0041.png"; bbox 0 0 3384 5134; ppageno 0'>
   <div class='ocr_carea' id='block_1_1' title="bbox 778 285 999 345">
    <p class='ocr_par' dir='ltr' id='par_1_1' title="bbox 778 285 999 345">
     <span class='ocr_line' id='line_1_1' title="bbox 778 285 999 345; baseline 0 -21"><span class='ocrx_word' id='word_1_1' title='bbox 778 285 999 345; x_wconf 68' lang='lat'>...38-</span> 
     </span>
    </p>
   </div>
   <div class='ocr_carea' id='block_1_2' title="bbox 303 477 1482 3995">
    <p class='ocr_par' dir='ltr' id='par_1_2' title="bbox 303 477 1482 3995">
     <span class='ocr_line' id='line_1_2' title="bbox 303 477 1475 559; baseline 0 -17"><span class='ocrx_word' id='word_1_2' title='bbox 303 477 426 558; x_wconf 87' lang='lat' dir='ltr'>agimus</span> <span class='ocrx_word' id='word_1_3' title='bbox 460 483 588 556; x_wconf 89' lang='lat' dir='ltr'>praeter</span> <span class='ocrx_word' id='word_1_4' title='bbox 621 481 752 558; x_wconf 88' lang='lat' dir='ltr'>propter</span> <span class='ocrx_word' id='word_1_5' title='bbox 786 477 886 542; x_wconf 86' lang='lat' dir='ltr'>totam</span> <span class='ocrx_word' id='word_1_6' title='bbox 919 477 1078 542; x_wconf 82' lang='lat' dir='ltr'>ritualiter</span> <span class='ocrx_word' id='word_1_7' title='bbox 1101 480 1372 558; x_wconf 80' lang='lat' dir='ltr'>repraesentatam</span> <span class='ocrx_word' id='word_1_8' title='bbox 1397 495 1475 559; x_wconf 93' lang='lat' dir='ltr'>quo-</span> 
     </span>
     <span class='ocr_line' id='line_1_3' title="bbox 303 583 1475 665; baseline -0.002 -15"><span class='ocrx_word' id='word_1_9' title='bbox 303 584 409 650; x_wconf 88' lang='lat' dir='ltr'>tannis</span> <span class='ocrx_word' id='word_1_10' title='bbox 433 587 594 665; x_wconf 91' lang='lat' dir='ltr'>tamquam</span> <span class='ocrx_word' id='word_1_11' title='bbox 619 583 826 650; x_wconf 85' lang='lat' dir='ltr'>fundamento</span> <span class='ocrx_word' id='word_1_12' title='bbox 849 583 951 649; x_wconf 86' lang='lat' dir='ltr'>fuisse</span> <span class='ocrx_word' id='word_1_13' title='bbox 974 584 1074 649; x_wconf 91' lang='lat' dir='ltr'>cultui</span> <span class='ocrx_word' id='word_1_14' title='bbox 1098 587 1131 650; x_wconf 92' lang='lat' dir='ltr'>et</span> <span class='ocrx_word' id='word_1_15' title='bbox 1147 589 1311 665; x_wconf 87' lang='lat' dir='ltr'>poetarum</span> <span class='ocrx_word' id='word_1_16' title='bbox 1330 587 1475 650; x_wconf 82' lang='lat' dir='ltr'>Alexan·</span> 
     </span>
     <span class='ocr_line' id='line_1_4' title="bbox 304 688 1475 773; baseline 0 -17"><span class='ocrx_word' id='word_1_17' title='bbox 304 693 464 757; x_wconf 90' lang='lat' dir='ltr'>drinorum</span> <span class='ocrx_word' id='word_1_18' title='bbox 502 691 708 771; x_wconf 75' lang='lat' dir='ltr'>carminibuS,</span> <span class='ocrx_word' id='word_1_19' title='bbox 744 709 782 757; x_wconf 91' lang='lat' dir='ltr'>ac</span> <span class='ocrx_word' id='word_1_20' title='bbox 817 710 879 755; x_wconf 91' lang='lat' dir='ltr'>nou</span> <span class='ocrx_word' id='word_1_21' title='bbox 903 692 973 757; x_wconf 90' lang='lat' dir='ltr'>sine</span> <span class='ocrx_word' id='word_1_22' title='bbox 996 693 1102 773; x_wconf 90' lang='lat' dir='ltr'>specie</span> <span class='ocrx_word' id='word_1_23' title='bbox 1125 693 1247 758; x_wconf 83' lang='lat' dir='ltr'>Frazer</span> <span class='ocrx_word' id='word_1_24' title='bbox 1270 694 1290 757; x_wconf 93' lang='lat' dir='ltr'>l.</span> <span class='ocrx_word' id='word_1_25' title='bbox 1308 712 1335 758; x_wconf 88' lang='lat' dir='ltr'>c.</span> <span class='ocrx_word' id='word_1_26' title='bbox 1357 688 1475 758; x_wconf 79' lang='lat'><strong>1²229</strong></span> 
     </span>
     <span class='ocr_line' id='line_1_5' title="bbox 304 797 1475 880; baseline -0.002 -16"><span class='ocrx_word' id='word_1_27' title='bbox 304 799 462 880; x_wconf 89' lang='lat' dir='ltr'>relegavit</span> <span class='ocrx_word' id='word_1_28' title='bbox 484 817 542 864; x_wconf 91' lang='lat' dir='ltr'>nos</span> <span class='ocrx_word' id='word_1_29' title='bbox 566 799 606 863; x_wconf 94' lang='lat' dir='ltr'>ad</span> <span class='ocrx_word' id='word_1_30' title='bbox 630 817 707 864; x_wconf 88' lang='lat' dir='ltr'>usus</span> <span class='ocrx_word' id='word_1_31' title='bbox 724 799 1004 880; x_wconf 82' lang='lat' dir='ltr'>Francogallorum</span> <span class='ocrx_word' id='word_1_32' title='bbox 1022 798 1258 864; x_wconf 90' lang='lat' dir='ltr'>similitudinem</span> <span class='ocrx_word' id='word_1_33' title='bbox 1283 798 1327 880; x_wconf 85' lang='lat' dir='ltr'>(p.</span> <span class='ocrx_word' id='word_1_34' title='bbox 1346 797 1475 880; x_wconf 75' lang='lat' dir='ltr'>221l2):</span> 
     </span>
     <span class='ocr_line' id='line_1_6' title="bbox 305 903 1476 990; baseline 0.001 -21"><span class='ocrx_word' id='word_1_35' title='bbox 305 903 354 969; x_wconf 89' lang='lat' dir='ltr'>‘In</span> <span class='ocrx_word' id='word_1_36' title='bbox 378 906 434 970; x_wconf 90' lang='lat' dir='ltr'>the</span> <span class='ocrx_word' id='word_1_37' title='bbox 458 905 720 988; x_wconf 83' lang='lat' dir='ltr'>neighbourhood</span> <span class='ocrx_word' id='word_1_38' title='bbox 744 905 781 972; x_wconf 88' lang='lat' dir='ltr'>os</span> <span class='ocrx_word' id='word_1_39' title='bbox 796 906 953 990; x_wconf 76' lang='lat' dir='ltr'>Brianqon</span> <span class='ocrx_word' id='word_1_40' title='bbox 977 925 1017 971; x_wconf 94' lang='lat' dir='ltr'>on</span> <span class='ocrx_word' id='word_1_41' title='bbox 1033 907 1112 989; x_wconf 88' lang='lat' dir='ltr'>May</span> <span class='ocrx_word' id='word_1_42' title='bbox 1136 907 1198 988; x_wconf 87' lang='lat' dir='ltr'>day</span> <span class='ocrx_word' id='word_1_43' title='bbox 1223 907 1278 971; x_wconf 90' lang='lat' dir='ltr'>the</span> <span class='ocrx_word' id='word_1_44' title='bbox 1300 907 1370 971; x_wconf 92' lang='lat' dir='ltr'>lads</span> <span class='ocrx_word' id='word_1_45' title='bbox 1386 925 1476 988; x_wconf 90' lang='lat' dir='ltr'>wrap</span> 
     </span>
     <span class='ocr_line' id='line_1_7' title="bbox 304 1011 1477 1097; baseline 0.001 -20"><span class='ocrx_word' id='word_1_46' title='bbox 304 1032 347 1095; x_wconf 96' lang='lat' dir='ltr'>up</span> <span class='ocrx_word' id='word_1_47' title='bbox 370 1013 403 1078; x_wconf 90' lang='lat' dir='ltr'>in</span> <span class='ocrx_word' id='word_1_48' title='bbox 426 1032 523 1095; x_wconf 85' lang='lat' dir='ltr'>green</span> <span class='ocrx_word' id='word_1_49' title='bbox 549 1015 656 1080; x_wconf 85' lang='lat' dir='ltr'>leaves</span> <span class='ocrx_word' id='word_1_50' title='bbox 680 1033 699 1076; x_wconf 93' lang='lat' dir='ltr'>a</span> <span class='ocrx_word' id='word_1_51' title='bbox 722 1032 830 1097; x_wconf 82' lang='lat' dir='ltr'>young</span> <span class='ocrx_word' id='word_1_52' title='bbox 853 1011 962 1078; x_wconf 86' lang='lat' dir='ltr'>follow</span> <span class='ocrx_word' id='word_1_53' title='bbox 986 1013 1094 1078; x_wconf 86' lang='lat' dir='ltr'>whose</span> <span class='ocrx_word' id='word_1_54' title='bbox 1117 1013 1313 1078; x_wconf 89' lang='lat' dir='ltr'>sweetheart</span> <span class='ocrx_word' id='word_1_55' title='bbox 1343 1014 1402 1079; x_wconf 91' lang='lat' dir='ltr'>has</span> <span class='ocrx_word' id='word_1_56' title='bbox 1426 1015 1477 1078; x_wconf 93' lang='lat' dir='ltr'>de·</span> 
     </span>
     <span class='ocr_line' id='line_1_8' title="bbox 305 1120 1476 1202; baseline 0.002 -18"><span class='ocrx_word' id='word_1_57' title='bbox 305 1122 410 1186; x_wconf 89' lang='lat' dir='ltr'>serted</span> <span class='ocrx_word' id='word_1_58' title='bbox 434 1121 499 1186; x_wconf 91' lang='lat' dir='ltr'>him</span> <span class='ocrx_word' id='word_1_59' title='bbox 523 1141 559 1188; x_wconf 91' lang='lat' dir='ltr'>or</span> <span class='ocrx_word' id='word_1_60' title='bbox 583 1122 720 1187; x_wconf 89' lang='lat' dir='ltr'>married</span> <span class='ocrx_word' id='word_1_61' title='bbox 744 1122 887 1187; x_wconf 84' lang='lat' dir='ltr'>another.</span> <span class='ocrx_word' id='word_1_62' title='bbox 934 1121 987 1186; x_wconf 93' lang='lat' dir='ltr'>He</span> <span class='ocrx_word' id='word_1_63' title='bbox 1011 1120 1069 1186; x_wconf 87' lang='lat' dir='ltr'>lies</span> <span class='ocrx_word' id='word_1_64' title='bbox 1093 1122 1187 1186; x_wconf 89' lang='lat' dir='ltr'>down</span> <span class='ocrx_word' id='word_1_65' title='bbox 1212 1140 1251 1186; x_wconf 94' lang='lat' dir='ltr'>on</span> <span class='ocrx_word' id='word_1_66' title='bbox 1275 1122 1331 1186; x_wconf 92' lang='lat' dir='ltr'>the</span> <span class='ocrx_word' id='word_1_67' title='bbox 1354 1122 1476 1202; x_wconf 91' lang='lat' dir='ltr'>ground</span> 
     </span>
     <span class='ocr_line' id='line_1_9' title="bbox 305 1226 1477 1311; baseline 0.002 -20"><span class='ocrx_word' id='word_1_68' title='bbox 305 1229 368 1292; x_wconf 89' lang='lat' dir='ltr'>and</span> <span class='ocrx_word' id='word_1_69' title='bbox 403 1226 509 1310; x_wconf 90' lang='lat' dir='ltr'>feigns</span> <span class='ocrx_word' id='word_1_70' title='bbox 544 1235 576 1294; x_wconf 95' lang='lat' dir='ltr'>to</span> <span class='ocrx_word' id='word_1_71' title='bbox 611 1228 651 1294; x_wconf 89' lang='lat' dir='ltr'>bc</span> <span class='ocrx_word' id='word_1_72' title='bbox 686 1230 802 1311; x_wconf 91' lang='lat' dir='ltr'>asleep.</span> <span class='ocrx_word' id='word_1_73' title='bbox 861 1229 952 1292; x_wconf 74' lang='lat' dir='ltr'>Then</span> <span class='ocrx_word' id='word_1_74' title='bbox 975 1247 995 1292; x_wconf 92' lang='lat' dir='ltr'>a</span> <span class='ocrx_word' id='word_1_75' title='bbox 1018 1227 1078 1308; x_wconf 88' lang='lat' dir='ltr'>girl</span> <span class='ocrx_word' id='word_1_76' title='bbox 1114 1229 1186 1292; x_wconf 93' lang='lat' dir='ltr'>who</span> <span class='ocrx_word' id='word_1_77' title='bbox 1219 1229 1301 1292; x_wconf 88' lang='lat' dir='ltr'>likes</span> <span class='ocrx_word' id='word_1_78' title='bbox 1325 1229 1389 1292; x_wconf 88' lang='lat' dir='ltr'>him</span> <span class='ocrx_word' id='word_1_79' title='bbox 1414 1229 1477 1293; x_wconf 87' lang='lat' dir='ltr'>and</span> 
     </span>
     <span class='ocr_line' id='line_1_10' title="bbox 303 1335 1476 1420; baseline -0.001 -21"><span class='ocrx_word' id='word_1_80' title='bbox 303 1335 411 1399; x_wconf 90' lang='lat' dir='ltr'>would</span> <span class='ocrx_word' id='word_1_81' title='bbox 436 1355 542 1420; x_wconf 87' lang='lat' dir='ltr'>marry</span> <span class='ocrx_word' id='word_1_82' title='bbox 566 1337 641 1416; x_wconf 85' lang='lat' dir='ltr'>him,</span> <span class='ocrx_word' id='word_1_83' title='bbox 666 1355 769 1402; x_wconf 82' lang='lat' dir='ltr'>comes</span> <span class='ocrx_word' id='word_1_84' title='bbox 793 1337 856 1400; x_wconf 91' lang='lat' dir='ltr'>and</span> <span class='ocrx_word' id='word_1_85' title='bbox 880 1337 991 1401; x_wconf 86' lang='lat' dir='ltr'>wakes</span> <span class='ocrx_word' id='word_1_86' title='bbox 1015 1335 1089 1416; x_wconf 93' lang='lat' dir='ltr'>him,</span> <span class='ocrx_word' id='word_1_87' title='bbox 1115 1335 1178 1399; x_wconf 92' lang='lat' dir='ltr'>and</span> <span class='ocrx_word' id='word_1_88' title='bbox 1202 1336 1322 1416; x_wconf 88' lang='lat' dir='ltr'>raising</span> <span class='ocrx_word' id='word_1_89' title='bbox 1346 1335 1409 1400; x_wconf 94' lang='lat' dir='ltr'>him</span> <span class='ocrx_word' id='word_1_90' title='bbox 1436 1355 1476 1417; x_wconf 94' lang='lat' dir='ltr'>up</span> 
     </span>
     <span class='ocr_line' id='line_1_11' title="bbox 305 1439 1476 1540; baseline 0.003 -35"><span class='ocrx_word' id='word_1_91' title='bbox 305 1439 399 1507; x_wconf 85' lang='lat' dir='ltr'>offers</span> <span class='ocrx_word' id='word_1_92' title='bbox 423 1442 488 1540; x_wconf 88' lang='lat' dir='ltr'>him</span> <span class='ocrx_word' id='word_1_93' title='bbox 512 1445 570 1509; x_wconf 92' lang='lat' dir='ltr'>her</span> <span class='ocrx_word' id='word_1_94' title='bbox 586 1463 651 1509; x_wconf 89' lang='lat' dir='ltr'>arm</span> <span class='ocrx_word' id='word_1_95' title='bbox 669 1445 732 1508; x_wconf 90' lang='lat' dir='ltr'>and</span> <span class='ocrx_word' id='word_1_96' title='bbox 756 1463 775 1508; x_wconf 90' lang='lat' dir='ltr'>a</span> <span class='ocrx_word' id='word_1_97' title='bbox 797 1442 873 1525; x_wconf 90' lang='lat' dir='ltr'>flug.</span> <span class='ocrx_word' id='word_1_98' title='bbox 923 1445 964 1509; x_wconf 87' lang='lat' dir='ltr'>So</span> <span class='ocrx_word' id='word_1_99' title='bbox 980 1445 1058 1525; x_wconf 85' lang='lat' dir='ltr'>they</span> <span class='ocrx_word' id='word_1_100' title='bbox 1074 1462 1115 1524; x_wconf 88' lang='lat' dir='ltr'>go</span> <span class='ocrx_word' id='word_1_101' title='bbox 1131 1446 1164 1509; x_wconf 92' lang='lat' dir='ltr'>to</span> <span class='ocrx_word' id='word_1_102' title='bbox 1180 1444 1235 1507; x_wconf 91' lang='lat' dir='ltr'>the</span> <span class='ocrx_word' id='word_1_103' title='bbox 1251 1443 1420 1508; x_wconf 88' lang='lat' dir='ltr'>alehouse.</span> <span class='ocrx_word' id='word_1_104' title='bbox 1436 1491 1442 1506; x_wconf 93' lang='lat'><strong><em>.</em></strong></span> <span class='ocrx_word' id='word_1_105' title='bbox 1458 1443 1476 1507; x_wconf 87' lang='grc'>.’</span> 
     </span>
     <span class='ocr_line' id='line_1_12' title="bbox 305 1548 1477 1633; baseline 0 -19"><span class='ocrx_word' id='word_1_106' title='bbox 305 1548 368 1615; x_wconf 84' lang='lat' dir='ltr'>Sed</span> <span class='ocrx_word' id='word_1_107' title='bbox 391 1570 431 1616; x_wconf 92' lang='lat' dir='ltr'>ne</span> <span class='ocrx_word' id='word_1_108' title='bbox 455 1556 591 1616; x_wconf 89' lang='lat' dir='ltr'>externa</span> <span class='ocrx_word' id='word_1_109' title='bbox 614 1553 750 1633; x_wconf 89' lang='lat' dir='ltr'>quadam</span> <span class='ocrx_word' id='word_1_110' title='bbox 782 1551 988 1616; x_wconf 90' lang='lat' dir='ltr'>similitudine</span> <span class='ocrx_word' id='word_1_111' title='bbox 1018 1555 1135 1616; x_wconf 89' lang='lat' dir='ltr'>temere</span> <span class='ocrx_word' id='word_1_112' title='bbox 1156 1551 1330 1632; x_wconf 84' lang='lat' dir='ltr'>capiamur,</span> <span class='ocrx_word' id='word_1_113' title='bbox 1357 1555 1391 1616; x_wconf 95' lang='lat' dir='ltr'>ut</span> <span class='ocrx_word' id='word_1_114' title='bbox 1415 1550 1477 1616; x_wconf 91' lang='lat' dir='ltr'>iam</span> 
     </span>
     <span class='ocr_line' id='line_1_13' title="bbox 303 1656 1476 1742; baseline -0.003 -20"><span class='ocrx_word' id='word_1_115' title='bbox 303 1658 337 1722; x_wconf 91' lang='lat' dir='ltr'>iu</span> <span class='ocrx_word' id='word_1_116' title='bbox 373 1657 500 1739; x_wconf 87' lang='lat' dir='ltr'>singula</span> <span class='ocrx_word' id='word_1_117' title='bbox 533 1659 742 1742; x_wconf 67' lang='lat' dir='ltr'>inquiramus</span> <span class='ocrx_word' id='word_1_118' title='bbox 777 1658 967 1741; x_wconf 87' lang='lat' dir='ltr'>incipiamus</span> <span class='ocrx_word' id='word_1_119' title='bbox 1002 1656 1042 1724; x_wconf 92' lang='lat' dir='ltr'>ab</span> <span class='ocrx_word' id='word_1_120' title='bbox 1078 1657 1173 1723; x_wconf 89' lang='lat' dir='ltr'>hilari</span> <span class='ocrx_word' id='word_1_121' title='bbox 1196 1658 1361 1722; x_wconf 85' lang='lat' dir='ltr'>Ariadnae</span> <span class='ocrx_word' id='word_1_122' title='bbox 1385 1656 1476 1723; x_wconf 86' lang='lat' dir='ltr'>festo.</span> 
     </span>
     <span class='ocr_line' id='line_1_14' title="bbox 304 1763 1479 1832; baseline -0.001 -3"><span class='ocrx_word' id='word_1_123' title='bbox 304 1764 419 1829; x_wconf 84' lang='lat' dir='ltr'>Naxus</span> <span class='ocrx_word' id='word_1_124' title='bbox 447 1765 552 1830; x_wconf 88' lang='lat' dir='ltr'>insula</span> <span class='ocrx_word' id='word_1_125' title='bbox 580 1769 629 1830; x_wconf 89' lang='lat' dir='ltr'>est</span> <span class='ocrx_word' id='word_1_126' title='bbox 659 1763 821 1830; x_wconf 88' lang='lat' dir='ltr'>Ariadnae</span> <span class='ocrx_word' id='word_1_127' title='bbox 856 1766 1032 1832; x_wconf 90' lang='lat' dir='ltr'>etBacchi</span> <span class='ocrx_word' id='word_1_128' title='bbox 1064 1764 1193 1832; x_wconf 91' lang='lat' dir='ltr'>conubii</span> <span class='ocrx_word' id='word_1_129' title='bbox 1215 1765 1316 1830; x_wconf 89' lang='lat' dir='ltr'>sedes.</span> <span class='ocrx_word' id='word_1_130' title='bbox 1366 1770 1416 1828; x_wconf 90' lang='lat' dir='ltr'>Ac</span> <span class='ocrx_word' id='word_1_131' title='bbox 1440 1784 1479 1828; x_wconf 88' lang='lat' dir='ltr'>ne</span> 
     </span>
     <span class='ocr_line' id='line_1_15' title="bbox 305 1870 1478 1955; baseline -0.001 -20"><span class='ocrx_word' id='word_1_132' title='bbox 305 1871 351 1936; x_wconf 90' lang='lat' dir='ltr'>eis</span> <span class='ocrx_word' id='word_1_133' title='bbox 387 1871 538 1953; x_wconf 87' lang='lat' dir='ltr'>deceptus</span> <span class='ocrx_word' id='word_1_134' title='bbox 573 1891 656 1955; x_wconf 90' lang='lat' dir='ltr'>quae</span> <span class='ocrx_word' id='word_1_135' title='bbox 691 1890 710 1934; x_wconf 90' lang='lat' dir='ltr'>a</span> <span class='ocrx_word' id='word_1_136' title='bbox 745 1871 994 1951; x_wconf 80' lang='lat' dir='ltr'>Paus.1123,r</span> <span class='ocrx_word' id='word_1_137' title='bbox 1020 1870 1236 1954; x_wconf 90' lang='lat' dir='ltr'>proferuntur,</span> <span class='ocrx_word' id='word_1_138' title='bbox 1273 1871 1412 1952; x_wconf 91' lang='lat' dir='ltr'>opineris</span> <span class='ocrx_word' id='word_1_139' title='bbox 1447 1872 1478 1934; x_wconf 90' lang='lat' dir='ltr'>in</span> 
     </span>
     <span class='ocr_line' id='line_1_16' title="bbox 306 1976 1479 2060; baseline -0.002 -16"><span class='ocrx_word' id='word_1_140' title='bbox 306 1976 403 2044; x_wconf 89' lang='lat' dir='ltr'>Creta</span> <span class='ocrx_word' id='word_1_141' title='bbox 437 1979 543 2043; x_wconf 92' lang='lat' dir='ltr'>insula</span> <span class='ocrx_word' id='word_1_142' title='bbox 581 1980 744 2046; x_wconf 88' lang='lat' dir='ltr'>Bacchum</span> <span class='ocrx_word' id='word_1_143' title='bbox 785 1998 855 2044; x_wconf 89' lang='lat' dir='ltr'>esse</span> <span class='ocrx_word' id='word_1_144' title='bbox 889 1980 1056 2045; x_wconf 87' lang='lat' dir='ltr'>Ariadnae</span> <span class='ocrx_word' id='word_1_145' title='bbox 1095 1980 1260 2060; x_wconf 86' lang='lat' dir='ltr'>coniugem</span> <span class='ocrx_word' id='word_1_146' title='bbox 1303 1978 1479 2042; x_wconf 87' lang='lat' dir='ltr'>Pausanias</span> 
     </span>
     <span class='ocr_line' id='line_1_17' title="bbox 305 2085 1477 2167; baseline -0.002 -18"><span class='ocrx_word' id='word_1_147' title='bbox 305 2086 374 2167; x_wconf 88' lang='lat' dir='ltr'>ipse</span> <span class='ocrx_word' id='word_1_148' title='bbox 410 2086 464 2150; x_wconf 90' lang='lat' dir='ltr'>illo</span> <span class='ocrx_word' id='word_1_149' title='bbox 500 2087 568 2152; x_wconf 92' lang='lat' dir='ltr'>loco</span> <span class='ocrx_word' id='word_1_150' title='bbox 603 2088 698 2152; x_wconf 91' lang='lat' dir='ltr'>claris</span> <span class='ocrx_word' id='word_1_151' title='bbox 732 2085 839 2152; x_wconf 63' lang='lat' dir='ltr'>Verbis</span> <span class='ocrx_word' id='word_1_152' title='bbox 865 2087 1041 2152; x_wconf 85' lang='lat' dir='ltr'>Ariadnam</span> <span class='ocrx_word' id='word_1_153' title='bbox 1077 2089 1167 2152; x_wconf 91' lang='lat' dir='ltr'>notat</span> <span class='ocrx_word' id='word_1_154' title='bbox 1191 2091 1225 2148; x_wconf 90' lang='lat' dir='ltr'>ut</span> <span class='ocrx_word' id='word_1_155' title='bbox 1250 2085 1477 2150; x_wconf 88' lang='lat' dir='ltr'>adventiciam:</span> 
     </span>
     <span class='ocr_line' id='line_1_18' title="bbox 306 2187 1480 2275; baseline -0.002 -24"><span class='ocrx_word' id='word_1_156' title='bbox 306 2188 421 2259; x_wconf 84' lang='grc' dir='ltr'>Λυκέας</span> <span class='ocrx_word' id='word_1_157' title='bbox 454 2187 486 2250; x_wconf 73' lang='grc' dir='ltr'>δέ</span> <span class='ocrx_word' id='word_1_158' title='bbox 525 2189 604 2272; x_wconf 63' lang='grc' dir='ltr'>λέγει</span> <span class='ocrx_word' id='word_1_159' title='bbox 641 2191 948 2274; x_wconf 72' lang='grc' dir='ltr'>κατασκευαζομένου.</span> <span class='ocrx_word' id='word_1_160' title='bbox 969 2189 1100 2275; x_wconf 77' lang='grc' dir='ltr'>δευτέρον</span> <span class='ocrx_word' id='word_1_161' title='bbox 1134 2194 1183 2250; x_wconf 80' lang='grc' dir='ltr'>τοῦ</span> <span class='ocrx_word' id='word_1_162' title='bbox 1223 2195 1290 2250; x_wconf 84' lang='grc' dir='ltr'>ναοῦ</span> <span class='ocrx_word' id='word_1_163' title='bbox 1326 2189 1480 2272; x_wconf 70' lang='grc' dir='ltr'>εὑρεθῆναι</span> 
     </span>
     <span class='ocr_line' id='line_1_19' title="bbox 307 2291 1480 2382; baseline -0.002 -18"><span class='ocrx_word' id='word_1_164' title='bbox 307 2299 399 2382; x_wconf 82' lang='grc' dir='ltr'>σορόν,</span> <span class='ocrx_word' id='word_1_165' title='bbox 425 2291 495 2358; x_wconf 79' lang='grc' dir='ltr'>εἶναι</span> <span class='ocrx_word' id='word_1_166' title='bbox 518 2295 550 2358; x_wconf 80' lang='grc' dir='ltr'>δὲ</span> <span class='ocrx_word' id='word_1_167' title='bbox 574 2292 732 2382; x_wconf 69' lang='grc' dir='ltr'>Ἀριάδνης</span> <span class='ocrx_word' id='word_1_168' title='bbox 759 2297 857 2382; x_wconf 72' lang='grc' dir='ltr'>αὐτὴν.</span> <span class='ocrx_word' id='word_1_169' title='bbox 905 2301 1021 2382; x_wconf 88' lang='lat' dir='ltr'>ltaque</span> <span class='ocrx_word' id='word_1_170' title='bbox 1045 2301 1071 2364; x_wconf 88' lang='lat' dir='ltr'>si</span> <span class='ocrx_word' id='word_1_171' title='bbox 1096 2300 1216 2382; x_wconf 90' lang='lat' dir='ltr'>aliquid</span> <span class='ocrx_word' id='word_1_172' title='bbox 1242 2299 1383 2364; x_wconf 87' lang='lat' dir='ltr'>tribuere</span> <span class='ocrx_word' id='word_1_173' title='bbox 1406 2300 1480 2364; x_wconf 90' lang='lat' dir='ltr'>licet</span> 
     </span>
     <span class='ocr_line' id='line_1_20' title="bbox 306 2401 1479 2490; baseline 0 -19"><span class='ocrx_word' id='word_1_174' title='bbox 306 2407 381 2472; x_wconf 90' lang='lat' dir='ltr'>hnic</span> <span class='ocrx_word' id='word_1_175' title='bbox 397 2407 572 2480; x_wconf 85' lang='lat' dir='ltr'>Ariadnae,</span> <span class='ocrx_word' id='word_1_176' title='bbox 590 2427 654 2472; x_wconf 88' lang='lat' dir='ltr'>una</span> <span class='ocrx_word' id='word_1_177' title='bbox 678 2410 727 2472; x_wconf 90' lang='lat' dir='ltr'>est</span> <span class='ocrx_word' id='word_1_178' title='bbox 743 2426 761 2471; x_wconf 92' lang='lat' dir='ltr'>e</span> <span class='ocrx_word' id='word_1_179' title='bbox 777 2407 898 2472; x_wconf 86' lang='lat' dir='ltr'>Bacchi</span> <span class='ocrx_word' id='word_1_180' title='bbox 914 2407 1093 2485; x_wconf 75' lang='lat' dir='ltr'>comitibuS,</span> <span class='ocrx_word' id='word_1_181' title='bbox 1121 2425 1253 2490; x_wconf 91' lang='lat' dir='ltr'>quarum</span> <span class='ocrx_word' id='word_1_182' title='bbox 1278 2401 1375 2487; x_wconf 87' lang='lat' dir='ltr'>Argis</span> <span class='ocrx_word' id='word_1_183' title='bbox 1399 2425 1479 2471; x_wconf 91' lang='lat' dir='ltr'>com-</span> 
     </span>
     <span class='ocr_line' id='line_1_21' title="bbox 306 2512 1479 2598; baseline -0.001 -19"><span class='ocrx_word' id='word_1_184' title='bbox 306 2515 444 2596; x_wconf 90' lang='lat' dir='ltr'>plurium</span> <span class='ocrx_word' id='word_1_185' title='bbox 463 2515 642 2580; x_wconf 83' lang='lat' dir='ltr'>extiterunt</span> <span class='ocrx_word' id='word_1_186' title='bbox 665 2516 827 2598; x_wconf 63' lang='lat' dir='ltr'>sepulcrm</span> <span class='ocrx_word' id='word_1_187' title='bbox 851 2514 954 2581; x_wconf 86' lang='lat' dir='ltr'>Cresii</span> <span class='ocrx_word' id='word_1_188' title='bbox 978 2521 1083 2579; x_wconf 93' lang='lat' dir='ltr'>autem</span> <span class='ocrx_word' id='word_1_189' title='bbox 1099 2515 1220 2580; x_wconf 85' lang='lat' dir='ltr'>Bacchi</span> <span class='ocrx_word' id='word_1_190' title='bbox 1237 2515 1390 2596; x_wconf 90' lang='lat' dir='ltr'>templum</span> <span class='ocrx_word' id='word_1_191' title='bbox 1407 2512 1479 2593; x_wconf 88' lang='lat' dir='ltr'>fuit,</span> 
     </span>
     <span class='ocr_line' id='line_1_22' title="bbox 308 2621 1477 2705; baseline -0.001 -20"><span class='ocrx_word' id='word_1_192' title='bbox 308 2622 493 2703; x_wconf 88' lang='lat' dir='ltr'>priusquam</span> <span class='ocrx_word' id='word_1_193' title='bbox 510 2622 675 2687; x_wconf 87' lang='lat' dir='ltr'>Ariadnae</span> <span class='ocrx_word' id='word_1_194' title='bbox 692 2623 746 2705; x_wconf 90' lang='lat' dir='ltr'>qui</span> <span class='ocrx_word' id='word_1_195' title='bbox 763 2621 940 2687; x_wconf 89' lang='lat' dir='ltr'>vocabatur</span> <span class='ocrx_word' id='word_1_196' title='bbox 955 2623 1096 2686; x_wconf 89' lang='lat' dir='ltr'>tumulus</span> <span class='ocrx_word' id='word_1_197' title='bbox 1112 2623 1153 2687; x_wconf 90' lang='lat' dir='ltr'>ad</span> <span class='ocrx_word' id='word_1_198' title='bbox 1169 2622 1272 2687; x_wconf 87' lang='lat' dir='ltr'>lucem</span> <span class='ocrx_word' id='word_1_199' title='bbox 1291 2621 1419 2703; x_wconf 90' lang='lat' dir='ltr'>prodiit.</span> <span class='ocrx_word' id='word_1_200' title='bbox 1439 2657 1446 2663; x_wconf 96' lang='lat'>-</span> <span class='ocrx_word' id='word_1_201' title='bbox 1473 2658 1477 2662; x_wconf 97' lang='lat'>-</span> 
     </span>
     <span class='ocr_line' id='line_1_23' title="bbox 307 2726 1481 2811; baseline 0 -19"><span class='ocrx_word' id='word_1_202' title='bbox 307 2728 424 2811; x_wconf 90' lang='lat' dir='ltr'>Itaque</span> <span class='ocrx_word' id='word_1_203' title='bbox 448 2747 504 2792; x_wconf 89' lang='lat' dir='ltr'>cur</span> <span class='ocrx_word' id='word_1_204' title='bbox 527 2729 615 2794; x_wconf 85' lang='lat' dir='ltr'>Naxi</span> <span class='ocrx_word' id='word_1_205' title='bbox 639 2730 827 2795; x_wconf 88' lang='lat' dir='ltr'>collocatum</span> <span class='ocrx_word' id='word_1_206' title='bbox 863 2735 912 2793; x_wconf 84' lang='lat' dir='ltr'>est</span> <span class='ocrx_word' id='word_1_207' title='bbox 940 2726 1133 2794; x_wconf 82' lang='lat' dir='ltr'>conubium?</span> <span class='ocrx_word' id='word_1_208' title='bbox 1179 2728 1263 2793; x_wconf 90' lang='lat' dir='ltr'>Num</span> <span class='ocrx_word' id='word_1_209' title='bbox 1287 2727 1481 2792; x_wconf 88' lang='lat' dir='ltr'>sollemniter</span> 
     </span>
     <span class='ocr_line' id='line_1_24' title="bbox 306 2832 1478 2918; baseline -0.003 -16"><span class='ocrx_word' id='word_1_210' title='bbox 306 2837 483 2918; x_wconf 86' lang='lat' dir='ltr'>iunguntur</span> <span class='ocrx_word' id='word_1_211' title='bbox 517 2837 664 2902; x_wconf 90' lang='lat' dir='ltr'>Bacchus</span> <span class='ocrx_word' id='word_1_212' title='bbox 698 2841 730 2902; x_wconf 93' lang='lat' dir='ltr'>et</span> <span class='ocrx_word' id='word_1_213' title='bbox 764 2834 908 2901; x_wconf 87' lang='lat' dir='ltr'>Ariadna</span> <span class='ocrx_word' id='word_1_214' title='bbox 943 2842 979 2901; x_wconf 92' lang='lat' dir='ltr'>ut</span> <span class='ocrx_word' id='word_1_215' title='bbox 1012 2836 1167 2917; x_wconf 74' lang='lat' dir='ltr'>duppiter</span> <span class='ocrx_word' id='word_1_216' title='bbox 1204 2841 1236 2900; x_wconf 91' lang='lat' dir='ltr'>et</span> <span class='ocrx_word' id='word_1_217' title='bbox 1258 2837 1347 2901; x_wconf 81' lang='lat' dir='ltr'>Juno</span> <span class='ocrx_word' id='word_1_218' title='bbox 1371 2832 1478 2916; x_wconf 88' lang='lat' dir='ltr'>Argis,</span> 
     </span>
     <span class='ocr_line' id='line_1_25' title="bbox 308 2942 1479 3027; baseline -0.003 -17"><span class='ocrx_word' id='word_1_219' title='bbox 308 2942 406 3024; x_wconf 83' lang='lat' dir='ltr'>Sami,</span> <span class='ocrx_word' id='word_1_220' title='bbox 430 2945 572 3009; x_wconf 86' lang='lat' dir='ltr'>Plataeis</span> <span class='ocrx_word' id='word_1_221' title='bbox 597 2943 673 3008; x_wconf 89' lang='lat' dir='ltr'>alibi</span> <span class='ocrx_word' id='word_1_222' title='bbox 697 2944 797 3010; x_wconf 88' lang='lat' dir='ltr'>sacris</span> <span class='ocrx_word' id='word_1_223' title='bbox 821 2963 901 3027; x_wconf 91' lang='lat' dir='ltr'>quas</span> <span class='ocrx_word' id='word_1_224' title='bbox 926 2943 1036 3009; x_wconf 91' lang='lat' dir='ltr'>dicunt</span> <span class='ocrx_word' id='word_1_225' title='bbox 1065 2943 1187 3025; x_wconf 88' lang='lat' dir='ltr'>nuptiis</span> <span class='ocrx_word' id='word_1_226' title='bbox 1212 2942 1383 3026; x_wconf 91' lang='lat' dir='ltr'>quotannis</span> <span class='ocrx_word' id='word_1_227' title='bbox 1406 2960 1479 3008; x_wconf 90' lang='lat' dir='ltr'>con-</span> 
     </span>
     <span class='ocr_line' id='line_1_26' title="bbox 307 3047 1480 3131; baseline 0 -17"><span class='ocrx_word' id='word_1_228' title='bbox 307 3050 396 3131; x_wconf 88' lang='lat' dir='ltr'>iungi</span> <span class='ocrx_word' id='word_1_229' title='bbox 431 3049 672 3116; x_wconf 80' lang='lat' dir='ltr'>credebantur?</span> <span class='ocrx_word' id='word_1_230' title='bbox 705 3071 745 3115; x_wconf 89' lang='lat' dir='ltr'>an</span> <span class='ocrx_word' id='word_1_231' title='bbox 780 3052 928 3116; x_wconf 89' lang='lat' dir='ltr'>Bacchus</span> <span class='ocrx_word' id='word_1_232' title='bbox 963 3051 1052 3116; x_wconf 90' lang='lat' dir='ltr'>venit</span> <span class='ocrx_word' id='word_1_233' title='bbox 1084 3051 1125 3115; x_wconf 90' lang='lat' dir='ltr'>ad</span> <span class='ocrx_word' id='word_1_234' title='bbox 1161 3047 1336 3114; x_wconf 89' lang='lat' dir='ltr'>Ariadnam</span> <span class='ocrx_word' id='word_1_235' title='bbox 1372 3051 1480 3114; x_wconf 90' lang='lat' dir='ltr'>eadem</span> 
     </span>
     <span class='ocr_line' id='line_1_27' title="bbox 307 3155 1480 3242; baseline -0.001 -20"><span class='ocrx_word' id='word_1_236' title='bbox 307 3160 413 3223; x_wconf 90' lang='lat' dir='ltr'>mente</span> <span class='ocrx_word' id='word_1_237' title='bbox 453 3177 517 3240; x_wconf 91' lang='lat' dir='ltr'>qua</span> <span class='ocrx_word' id='word_1_238' title='bbox 555 3160 636 3224; x_wconf 84' lang='lat' dir='ltr'>solet</span> <span class='ocrx_word' id='word_1_239' title='bbox 675 3161 716 3224; x_wconf 91' lang='lat' dir='ltr'>ad</span> <span class='ocrx_word' id='word_1_240' title='bbox 750 3155 994 3224; x_wconf 87' lang='lat' dir='ltr'>Atheniensium</span> <span class='ocrx_word' id='word_1_241' title='bbox 1029 3178 1112 3242; x_wconf 91' lang='lat' dir='ltr'>quae</span> <span class='ocrx_word' id='word_1_242' title='bbox 1145 3163 1280 3224; x_wconf 89' lang='lat' dir='ltr'>vocatur</span> <span class='ocrx_word' id='word_1_243' title='bbox 1313 3156 1480 3239; x_wconf 71' lang='lat' dir='ltr'>reginam?</span> 
     </span>
     <span class='ocr_line' id='line_1_28' title="bbox 307 3265 1479 3350; baseline -0.001 -20"><span class='ocrx_word' id='word_1_244' title='bbox 307 3265 463 3330; x_wconf 86' lang='lat' dir='ltr'>Neutrum</span> <span class='ocrx_word' id='word_1_245' title='bbox 489 3267 602 3339; x_wconf 88' lang='lat' dir='ltr'>credo;</span> <span class='ocrx_word' id='word_1_246' title='bbox 627 3267 683 3330; x_wconf 90' lang='lat' dir='ltr'>sed</span> <span class='ocrx_word' id='word_1_247' title='bbox 706 3266 814 3350; x_wconf 90' lang='lat' dir='ltr'>potius</span> <span class='ocrx_word' id='word_1_248' title='bbox 838 3265 923 3332; x_wconf 90' lang='lat' dir='ltr'>forte</span> <span class='ocrx_word' id='word_1_249' title='bbox 939 3265 1071 3332; x_wconf 89' lang='lat' dir='ltr'>fortuito</span> <span class='ocrx_word' id='word_1_250' title='bbox 1095 3269 1133 3330; x_wconf 95' lang='lat' dir='ltr'>ut</span> <span class='ocrx_word' id='word_1_251' title='bbox 1155 3266 1202 3331; x_wconf 90' lang='lat' dir='ltr'>ita</span> <span class='ocrx_word' id='word_1_252' title='bbox 1218 3266 1320 3332; x_wconf 90' lang='lat' dir='ltr'>dicam</span> <span class='ocrx_word' id='word_1_253' title='bbox 1345 3268 1377 3329; x_wconf 90' lang='lat' dir='ltr'>ct</span> <span class='ocrx_word' id='word_1_254' title='bbox 1399 3266 1479 3329; x_wconf 91' lang='lat' dir='ltr'>tam-</span> 
     </span>
     <span class='ocr_line' id='line_1_29' title="bbox 309 3373 1481 3458; baseline -0.001 -20"><span class='ocrx_word' id='word_1_255' title='bbox 309 3391 403 3454; x_wconf 91' lang='lat' dir='ltr'>quam</span> <span class='ocrx_word' id='word_1_256' title='bbox 437 3374 506 3439; x_wconf 90' lang='lat' dir='ltr'>iurc</span> <span class='ocrx_word' id='word_1_257' title='bbox 541 3373 676 3440; x_wconf 89' lang='lat' dir='ltr'>viciniae</span> <span class='ocrx_word' id='word_1_258' title='bbox 709 3381 806 3456; x_wconf 90' lang='lat' dir='ltr'>atque</span> <span class='ocrx_word' id='word_1_259' title='bbox 844 3374 1092 3458; x_wconf 84' lang='lat' dir='ltr'>propinquitatis</span> <span class='ocrx_word' id='word_1_260' title='bbox 1135 3374 1283 3440; x_wconf 88' lang='lat' dir='ltr'>Bacchus</span> <span class='ocrx_word' id='word_1_261' title='bbox 1316 3373 1481 3437; x_wconf 88' lang='lat' dir='ltr'>Ariadnae</span> 
     </span>
     <span class='ocr_line' id='line_1_30' title="bbox 308 3480 1481 3548; baseline -0.002 -2"><span class='ocrx_word' id='word_1_262' title='bbox 308 3481 448 3546; x_wconf 82' lang='lat' dir='ltr'>coniunx</span> <span class='ocrx_word' id='word_1_263' title='bbox 484 3480 589 3546; x_wconf 87' lang='lat' dir='ltr'>factus</span> <span class='ocrx_word' id='word_1_264' title='bbox 624 3487 683 3546; x_wconf 86' lang='lat' dir='ltr'>est.</span> <span class='ocrx_word' id='word_1_265' title='bbox 739 3481 822 3548; x_wconf 90' lang='lat' dir='ltr'>Nam</span> <span class='ocrx_word' id='word_1_266' title='bbox 857 3485 894 3548; x_wconf 94' lang='lat' dir='ltr'>ut</span> <span class='ocrx_word' id='word_1_267' title='bbox 927 3485 1050 3548; x_wconf 91' lang='lat' dir='ltr'>taceam</span> <span class='ocrx_word' id='word_1_268' title='bbox 1085 3481 1124 3547; x_wconf 89' lang='lat' dir='ltr'>de</span> <span class='ocrx_word' id='word_1_269' title='bbox 1156 3480 1342 3546; x_wconf 89' lang='lat' dir='ltr'>celebritate</span> <span class='ocrx_word' id='word_1_270' title='bbox 1376 3481 1481 3546; x_wconf 87' lang='lat' dir='ltr'>cultus</span> 
     </span>
     <span class='ocr_line' id='line_1_31' title="bbox 308 3585 1480 3673; baseline 0 -21"><span class='ocrx_word' id='word_1_271' title='bbox 308 3589 430 3654; x_wconf 88' lang='lat' dir='ltr'>Bacchi</span> <span class='ocrx_word' id='word_1_272' title='bbox 454 3589 582 3672; x_wconf 84' lang='lat' dir='ltr'>Naxici,</span> <span class='ocrx_word' id='word_1_273' title='bbox 608 3590 739 3673; x_wconf 91' lang='lat' dir='ltr'>antiquo</span> <span class='ocrx_word' id='word_1_274' title='bbox 774 3589 819 3655; x_wconf 91' lang='lat' dir='ltr'>ibi</span> <span class='ocrx_word' id='word_1_275' title='bbox 848 3592 899 3655; x_wconf 86' lang='lat' dir='ltr'>vel</span> <span class='ocrx_word' id='word_1_276' title='bbox 922 3585 1098 3656; x_wconf 88' lang='lat' dir='ltr'>Ariadnam</span> <span class='ocrx_word' id='word_1_277' title='bbox 1122 3591 1210 3655; x_wconf 87' lang='lat' dir='ltr'>cultu</span> <span class='ocrx_word' id='word_1_278' title='bbox 1234 3588 1298 3654; x_wconf 89' lang='lat' dir='ltr'>frui</span> <span class='ocrx_word' id='word_1_279' title='bbox 1323 3589 1480 3669; x_wconf 83' lang='lat' dir='ltr'>vidimus;</span> 
     </span>
     <span class='ocr_line' id='line_1_32' title="bbox 309 3696 1481 3782; baseline 0 -22"><span class='ocrx_word' id='word_1_280' title='bbox 309 3696 433 3761; x_wconf 88' lang='lat' dir='ltr'>accedit</span> <span class='ocrx_word' id='word_1_281' title='bbox 456 3698 541 3780; x_wconf 90' lang='lat' dir='ltr'>quod</span> <span class='ocrx_word' id='word_1_282' title='bbox 564 3698 596 3762; x_wconf 93' lang='lat' dir='ltr'>in</span> <span class='ocrx_word' id='word_1_283' title='bbox 621 3697 691 3780; x_wconf 91' lang='lat' dir='ltr'>ipsa</span> <span class='ocrx_word' id='word_1_284' title='bbox 714 3698 936 3782; x_wconf 84' lang='lat' dir='ltr'>antiquissima</span> <span class='ocrx_word' id='word_1_285' title='bbox 968 3698 1120 3763; x_wconf 90' lang='lat' dir='ltr'>memoria</span> <span class='ocrx_word' id='word_1_286' title='bbox 1150 3717 1212 3762; x_wconf 92' lang='lat' dir='ltr'>non</span> <span class='ocrx_word' id='word_1_287' title='bbox 1235 3697 1368 3779; x_wconf 89' lang='lat' dir='ltr'>nuptiae</span> <span class='ocrx_word' id='word_1_288' title='bbox 1391 3697 1481 3776; x_wconf 89' lang='lat' dir='ltr'>ipsae</span> 
     </span>
     <span class='ocr_line' id='line_1_33' title="bbox 308 3803 1482 3888; baseline -0.002 -20"><span class='ocrx_word' id='word_1_289' title='bbox 308 3805 489 3886; x_wconf 88' lang='lat' dir='ltr'>gravissimi</span> <span class='ocrx_word' id='word_1_290' title='bbox 512 3808 587 3870; x_wconf 86' lang='lat' dir='ltr'>sunt</span> <span class='ocrx_word' id='word_1_291' title='bbox 611 3805 770 3882; x_wconf 83' lang='lat' dir='ltr'>momenti,</span> <span class='ocrx_word' id='word_1_292' title='bbox 796 3808 852 3871; x_wconf 91' lang='lat' dir='ltr'>sed</span> <span class='ocrx_word' id='word_1_293' title='bbox 876 3805 997 3870; x_wconf 91' lang='lat' dir='ltr'>firmum</span> <span class='ocrx_word' id='word_1_294' title='bbox 1029 3810 1126 3888; x_wconf 92' lang='lat' dir='ltr'>atque</span> <span class='ocrx_word' id='word_1_295' title='bbox 1154 3824 1292 3885; x_wconf 90' lang='lat' dir='ltr'>perenne</span> <span class='ocrx_word' id='word_1_296' title='bbox 1321 3803 1482 3870; x_wconf 89' lang='lat' dir='ltr'>indicatur</span> 
     </span>
     <span class='ocr_line' id='line_1_34' title="bbox 309 3910 1482 3995; baseline -0.003 -18"><span class='ocrx_word' id='word_1_297' title='bbox 309 3913 543 3979; x_wconf 89' lang='lat' dir='ltr'>matrimonium</span> <span class='ocrx_word' id='word_1_298' title='bbox 574 3913 721 3994; x_wconf 83' lang='lat' dir='ltr'>(Hesiod.</span> <span class='ocrx_word' id='word_1_299' title='bbox 739 3914 799 3978; x_wconf 80' lang='lat' dir='ltr'>Th.</span> <span class='ocrx_word' id='word_1_300' title='bbox 818 3910 951 3995; x_wconf 83' lang='lat'>947-9);</span> <span class='ocrx_word' id='word_1_301' title='bbox 982 3913 1102 3978; x_wconf 89' lang='lat' dir='ltr'>adicias</span> <span class='ocrx_word' id='word_1_302' title='bbox 1135 3913 1254 3994; x_wconf 82' lang='lat' dir='ltr'>prolem</span> <span class='ocrx_word' id='word_1_303' title='bbox 1287 3931 1349 3995; x_wconf 92' lang='lat' dir='ltr'>qua</span> <span class='ocrx_word' id='word_1_304' title='bbox 1372 3929 1482 3977; x_wconf 91' lang='lat' dir='ltr'>sacrae</span> 
     </span>
    </p>
   </div>
   <div class='ocr_carea' id='block_1_3' title="bbox 309 4012 1482 4211">
    <p class='ocr_par' dir='ltr' id='par_1_3' title="bbox 309 4012 1482 4211">
     <span class='ocr_line' id='line_1_35' title="bbox 309 4012 1481 4103; baseline -0.007 -19"><span class='ocrx_word' id='word_1_305' title='bbox 309 4020 441 4102; x_wconf 91' lang='lat' dir='ltr'>nuptiae</span> <span class='ocrx_word' id='word_1_306' title='bbox 472 4038 580 4085; x_wconf 87' lang='lat' dir='ltr'>carere</span> <span class='ocrx_word' id='word_1_307' title='bbox 613 4022 716 4086; x_wconf 90' lang='lat' dir='ltr'>solent</span> <span class='ocrx_word' id='word_1_308' title='bbox 748 4017 811 4103; x_wconf 86' lang='lat' dir='ltr'>Ap.</span> <span class='ocrx_word' id='word_1_309' title='bbox 833 4021 936 4085; x_wconf 91' lang='lat' dir='ltr'>Rhod.</span> <span class='ocrx_word' id='word_1_310' title='bbox 954 4020 1007 4086; x_wconf 88' lang='grc' dir='ltr'>ΙΙΙ</span> <span class='ocrx_word' id='word_1_311' title='bbox 1025 4027 1087 4086; x_wconf 82' lang='grc'>997</span> <span class='ocrx_word' id='word_1_312' title='bbox 1113 4020 1231 4085; x_wconf 86' lang='lat' dir='ltr'>schol:</span> <span class='ocrx_word' id='word_1_313' title='bbox 1268 4012 1307 4077; x_wconf 87' lang='grc' dir='ltr'>ὧν</span> <span class='ocrx_word' id='word_1_314' title='bbox 1335 4014 1481 4100; x_wconf 76' lang='grc' dir='ltr'>οὐδέτερον</span> 
     </span>
     <span class='ocr_line' id='line_1_36' title="bbox 310 4112 1482 4211; baseline -0.001 -27"><span class='ocrx_word' id='word_1_315' title='bbox 310 4123 425 4206; x_wconf 74' lang='grc' dir='ltr'>ἀληθές</span> <span class='ocrx_word' id='word_1_316' title='bbox 447 4147 453 4160; x_wconf 93' lang='grc'><em>·</em></span> <span class='ocrx_word' id='word_1_317' title='bbox 475 4125 700 4187; x_wconf 78' lang='grc' dir='ltr'>καταλέλειπται</span> <span class='ocrx_word' id='word_1_318' title='bbox 728 4127 781 4211; x_wconf 61' lang='grc' dir='ltr'>γάρ</span> <span class='ocrx_word' id='word_1_319' title='bbox 802 4125 852 4187; x_wconf 84' lang='grc' dir='ltr'>ὑπὸ</span> <span class='ocrx_word' id='word_1_320' title='bbox 871 4124 994 4208; x_wconf 80' lang='grc' dir='ltr'>Θησέως</span> <span class='ocrx_word' id='word_1_321' title='bbox 1018 4124 1047 4186; x_wconf 84' lang='grc' dir='ltr'>ἐν</span> <span class='ocrx_word' id='word_1_322' title='bbox 1071 4112 1165 4208; x_wconf 73' lang='grc' dir='ltr'>Νάξῳ</span> <span class='ocrx_word' id='word_1_323' title='bbox 1186 4147 1192 4158; x_wconf 91' lang='grc'><em>·</em></span> <span class='ocrx_word' id='word_1_324' title='bbox 1211 4123 1482 4208; x_wconf 78' lang='grc' dir='ltr'>λιαπεπαρθένευται</span> 
     </span>
    </p>
   </div>
   <div class='ocr_carea' id='block_1_4' title="bbox 309 4223 1482 4546">
    <p class='ocr_par' dir='ltr' id='par_1_4' title="bbox 309 4223 1482 4546">
     <span class='ocr_line' id='line_1_37' title="bbox 309 4223 1481 4318; baseline -0.001 -25"><span class='ocrx_word' id='word_1_325' title='bbox 309 4230 341 4293; x_wconf 79' lang='grc' dir='ltr'>δέ</span> <span class='ocrx_word' id='word_1_326' title='bbox 366 4231 415 4294; x_wconf 80' lang='grc' dir='ltr'>ὑπὸ</span> <span class='ocrx_word' id='word_1_327' title='bbox 441 4235 572 4296; x_wconf 77' lang='grc' dir='ltr'>Διονύσου</span> <span class='ocrx_word' id='word_1_328' title='bbox 605 4241 684 4296; x_wconf 80' lang='grc' dir='ltr'>κατά</span> <span class='ocrx_word' id='word_1_329' title='bbox 715 4256 803 4310; x_wconf 80' lang='grc' dir='ltr'>τινας,</span> <span class='ocrx_word' id='word_1_330' title='bbox 840 4223 873 4306; x_wconf 75' lang='grc' dir='ltr'>ἐξ</span> <span class='ocrx_word' id='word_1_331' title='bbox 908 4227 945 4318; x_wconf 76' lang='grc' dir='ltr'>ἧς</span> <span class='ocrx_word' id='word_1_332' title='bbox 979 4232 1131 4296; x_wconf 78' lang='grc' dir='ltr'>παιδοποιεῖ</span> <span class='ocrx_word' id='word_1_333' title='bbox 1166 4230 1333 4308; x_wconf 77' lang='grc' dir='ltr'>Οἰνοπίωνα,</span> <span class='ocrx_word' id='word_1_334' title='bbox 1358 4231 1481 4306; x_wconf 83' lang='grc' dir='ltr'>Θόαντα,</span> 
     </span>
     <span class='ocr_line' id='line_1_38' title="bbox 309 4339 1481 4428; baseline 0.003 -26"><span class='ocrx_word' id='word_1_335' title='bbox 309 4339 478 4426; x_wconf 77' lang='grc' dir='ltr'>Στάφυλον,</span> <span class='ocrx_word' id='word_1_336' title='bbox 514 4339 680 4427; x_wconf 79' lang='grc' dir='ltr'>Λάτραμον,</span> <span class='ocrx_word' id='word_1_337' title='bbox 712 4341 897 4427; x_wconf 84' lang='grc' dir='ltr'>Ταυρόπολιν.</span> <span class='ocrx_word' id='word_1_338' title='bbox 946 4344 1018 4428; x_wconf 81' lang='lat' dir='ltr'>Quo</span> <span class='ocrx_word' id='word_1_339' title='bbox 1050 4347 1155 4410; x_wconf 86' lang='lat' dir='ltr'>autem</span> <span class='ocrx_word' id='word_1_340' title='bbox 1180 4346 1367 4424; x_wconf 82' lang='lat' dir='ltr'>argumento</span> <span class='ocrx_word' id='word_1_341' title='bbox 1389 4361 1481 4424; x_wconf 84' lang='lat' dir='ltr'>prac-</span> 
     </span>
     <span class='ocr_line' id='line_1_39' title="bbox 309 4449 1482 4546; baseline -0.007 -26"><span class='ocrx_word' id='word_1_342' title='bbox 309 4451 402 4543; x_wconf 90' lang='lat' dir='ltr'>cipue</span> <span class='ocrx_word' id='word_1_343' title='bbox 436 4451 592 4546; x_wconf 86' lang='lat' dir='ltr'>probatur</span> <span class='ocrx_word' id='word_1_344' title='bbox 627 4453 711 4518; x_wconf 87' lang='lat' dir='ltr'>sedis</span> <span class='ocrx_word' id='word_1_345' title='bbox 747 4451 973 4520; x_wconf 86' lang='lat' dir='ltr'>communitate</span> <span class='ocrx_word' id='word_1_346' title='bbox 1008 4450 1040 4518; x_wconf 94' lang='lat' dir='ltr'>in</span> <span class='ocrx_word' id='word_1_347' title='bbox 1077 4470 1173 4535; x_wconf 86' lang='lat' dir='ltr'>upum</span> <span class='ocrx_word' id='word_1_348' title='bbox 1208 4449 1381 4542; x_wconf 87' lang='lat' dir='ltr'>conductos</span> <span class='ocrx_word' id='word_1_349' title='bbox 1413 4465 1482 4544; x_wconf 76' lang='lat' dir='ltr'>esse</span> 
     </span>
    </p>
   </div>
   <div class='ocr_carea' id='block_1_5' title="bbox 0 0 1704 5134">
    <p class='ocr_par' dir='ltr' id='par_1_5' title="bbox 0 0 1704 5134">
     <span class='ocr_line' id='line_1_40' title="bbox 0 0 1704 5134; baseline 0 0"><span class='ocrx_word' id='word_1_350' title='bbox 0 0 1704 5134; x_wconf 95' lang='lat' dir='ltr'> </span> 
     </span>
    </p>
   </div>
  </div>
 </body>
</html>
