3384 5134
783 311 997 372 ..34-

411 489 668 583 θιιροινοιίοιιιιισΙ
685 501 847 567 cumulare
861 502 1073 570 recentiorum
1097 503 1256 586 exempla,
1282 524 1414 588 quorum
1439 504 1478 569 si·

303 609 390 674 milia
413 629 452 674 ne
475 610 509 674 in
532 609 724 691 antiquitate
748 610 873 692 quidem
898 611 1021 676 desunt.
1063 610 1139 675 Tria
1163 611 1223 675 hae
1245 611 1277 676 in
1302 630 1336 676 re
1361 613 1476 678 diseer-

302 718 407 783 nenda
437 721 512 782 sunt
540 733 673 799 genora;
710 736 782 781 nam
816 725 873 782 aut
896 717 1145 800 submerguntur
1166 719 1256 783 verni
1281 719 1355 785 sesti
1378 722 1477 802 parti-

302 825 389 907 eipes
425 829 481 890 aut
513 823 729 904 submergitur
763 822 887 906 effigies
923 825 989 890 eius
1023 825 1107 906 genii
1144 826 1198 908 qui
1222 824 1297 890 testi
1320 827 1405 892 illius
1429 831 1477 892 est

302 938 455 1014 patronus
480 935 537 998 aut
559 930 691 998 effertur
714 951 753 997 ne
777 932 878 998 dinam
903 933 1065 998 evanescit
1083 933 1162 998 ritus
1178 933 1211 997 in
1228 932 1370 999 fabulam
1394 953 1477 1017 quae

302 1043 436 1122 patrono
470 1038 545 1104 festi
579 1039 755 1121 imputatur
783 1044 1025 1121 ceterarumque
1058 1057 1163 1104 rerum
1189 1039 1230 1104 ab
1254 1060 1290 1106 eo
1313 1045 1476 1122 gestarum

301 1147 403 1213 tenori
437 1146 597 1212 inseritur.
644 1145 753 1211 Trium
788 1145 899 1211 horum
934 1165 1084 1226 generum
1120 1146 1249 1213 afferam
1285 1149 1476 1213 testimonia.

303 1257 414 1336 Atque
447 1255 583 1336 primum
620 1253 748 1336 quidem
784 1255 822 1319 de
859 1272 957 1319 verno
980 1255 1195 1320 Romanorum
1221 1254 1302 1321 l'esto
1326 1257 1477 1321 certiores

301 1361 393 1426 fimus
417 1381 458 1426 ex
482 1358 571 1426 Suid.
596 1379 621 1424 s.
649 1380 677 1422 v.
702 1356 857 1440 Μαῖουμᾶς
874 1377 881 1390 ·
898 1360 1051 1443 πανήγυρις
1073 1354 1158 1440 η”γετο
1183 1357 1214 1422 ἐν
1233 1380 1269 1441 τη
1285 1357 1386 1442 Ῥώμη
1403 1360 1476 1421 κατοί

301 1465 348 1528 τὸν
380 1465 475 1528 Μάιον
499 1472 577 1549 μηνα
595 1514 601 1526 .
621 1465 677 1548 την
702 1464 842 1549 παράλιον
877 1463 1153 1548 καταλαμβάνοντες
1186 1465 1266 1526 πολιν
1308 1466 1361 1550 την
1395 1466 1477 1549 λεγο-

302 1573 391 1656 μένην
414 1570 535 1634 Ὀστίαν
559 1573 583 1634 οἱ
610 1579 646 1633 τά
661 1568 761 1658 πρώτα
776 1579 830 1657 τῆς
843 1570 963 1654 Ῥώμης
978 1571 1132 1642 τελοῦντες
1146 1571 1304 1655 ἡδυπαθεῖν
1319 1575 1475 1659 ἠνείχοντο,

301 1680 331 1742 ἐν
355 1689 416 1750 τοῖς
447 1681 619 1750 θαλαττίοις
652 1678 748 1742 ὕδασιν
778 1679 929 1763 ἀλλήλους
953 1679 1162 1763 ἐμβάλλοντες.
1210 1687 1262 1748 Au
1286 1703 1325 1748 ne
1349 1684 1477 1749 dubites

302 1811 344 1856 au
367 1810 429 1856 non
455 1789 573 1857 Graeci
597 1791 707 1856 eadem
732 1791 781 1855 usi
805 1790 869 1855 sint
892 1789 1131 1869 consuetudine,
1156 1791 1188 1854 in
1212 1791 1309 1855 Paua
1333 1791 1438 1869 1135,
1459 1799 1473 1854 1

300 1899 380 1965 haee
402 1898 537 1978 legimus
555 1920 562 1962 :
579 1894 699 1978 πλησίον
722 1893 753 1957 δὲ
779 1894 863 1956 αὐτοῦ
897 1892 1030 1956 Διονύσου
1062 1893 1129 1965 ναὸς
1159 1893 1394 1979 Μελαναίγιδος·
1415 1895 1476 1958 τοὺ-

299 2025 341 2089 τιρ
365 2009 502 2087 μουσικῆς
525 2005 621 2086 οὶγιῖινα
645 2002 722 2064 κατὰ
746 2000 810 2072 ἔτος
833 1999 951 2064 ἕκαστον
976 2000 1082 2086 ι’ίγουσι,
1107 2003 1153 2064 καὶ
1176 2002 1305 2086 ἁμίλλης
1330 2002 1475 2086 κολύμβου

300 2112 347 2174 καί
368 2110 473 2173 πλοίων
496 2110 623 2172 τιθέασιν
647 2105 739 2178 ἆθλα,

406 2239 553 2304 Alterius
585 2239 666 2304 ritus
701 2257 763 2321 quo
786 2238 1003 2320 submergitur
1026 2237 1111 2319 genii
1136 2237 1315 2304 fertilitatis
1338 2237 1472 2319 effigies

300 2347 497 2414 notissimum
532 2351 581 2412 est
615 2348 797 2428 exemplum
833 2345 1008 2427 Adonidis,
1053 2347 1137 2428 quod
1173 2344 1306 2411 exhibet
1340 2347 1472 2412 Theoor.

300 2455 372 2519 XV
392 2459 450 2518 131
477 2472 547 2537 sqq.

461 2575 558 2638 ἁιῖιθεν
582 2575 684 2659 δ’ἁμές
707 2599 747 2637 νιν
771 2574 833 2659 ίίμα
857 2575 951 2661 δρόσῳ
976 2575 1080 2662 ἀθρόαι
1104 2563 1164 2647 ἔξω

461 2682 592 2766 οίσεϋμες
614 2683 675 2744 ποτὶ
698 2680 798 2765 κύματ’
828 2681 872 2744 ἐπ’
902 2686 971 2745 ἀῖόνι
993 2683 1122 2744 πτίιοντα
1145 2704 1171 2744 κ.
1195 2705 1221 2743 τ.
1246 2681 1274 2743 λ.

300 2794 341 2862 ef.
368 2795 446 2860 Lue.
471 2795 511 2858 de
533 2795 593 2858 dea
616 2791 688 2875 Syr.

406 2919 507 2984 Tertii
540 2921 645 2984 eutem
677 2919 802 2998 generis
831 2918 979 2999 exempla
1008 2937 1201 3000 quamquam
1226 2921 1301 2983 sunt
1324 2917 1472 2999 plurima,

300 3047 362 3092 non
398 3029 462 3091 tem
499 3024 607 3092 facilia
643 3030 718 3090 sunt
742 3025 882 3106 cognitu,
917 3024 992 3106 quia
1016 3043 1035 3089 a
1058 3025 1173 3090 ritibus
1197 3025 1280 3090 unde
1304 3029 1475 3088 traxerunt

299 3135 451 3217 originem
475 3133 580 3198 soluta
603 3136 679 3196 sunt
702 3132 894 3213 saepiusque
910 3132 1004 3196 valde
1020 3135 1150 3196 remota.
1197 3131 1349 3211 Exempli
1372 3131 1475 3194 instar

299 3242 340 3307 sit
365 3239 486 3321 fabula,
511 3258 595 3322 quae
618 3240 657 3304 de
672 3239 803 3304 Baoeho
824 3239 1009 3319 aLyeurgo
1035 3237 1067 3302 in
1091 3256 1177 3302 mare
1195 3235 1307 3318 fugato
1324 3241 1474 3302 narratur

299 3349 340 3426 (Z
360 3353 445 3423 132).
494 3344 625 3412 Adicias
649 3365 718 3410 eam
742 3346 923 3410 memoriam
948 3363 1043 3427 quam
1069 3345 1247 3410 invenimus
1270 3345 1302 3408 in
1327 3345 1375 3410 st.
1392 3342 1429 3407 B.
1448 3363 1471 3406 s

300 3454 455 3536 Δαμασκός
472 3474 478 3487 ·
497 3449 537 3512 ὅτι
565 3448 674 3520 Ἀσκὸς
709 3445 749 3519 είς
782 3456 839 3511 τῶν
873 3457 1014 3532 γιγάντων
1033 3472 1039 3483 ·
1057 3447 1088 3518 δς
1124 3449 1197 3531 μετὰ
1232 3448 1392 3534 Λυκούργου
1426 3449 1473 3510 τὸν

301 3562 430 3622 Διόνυσον
464 3556 551 3641 έδησε
587 3558 632 3621 καί
660 3560 700 3627 εἰς
727 3557 855 3641 ποταμὸν
886 3556 1114 3640 ἐνέβαλεν...
1168 3559 1345 3624 Plurimum
1369 3563 1473 3622 autem

299 3671 377 3735 lucis
410 3671 443 3734 in
471 3687 539 3736 eam
568 3687 652 3752 quae
680 3668 787 3749 agitur
819 3669 1034 3749 quaestionem
1060 3665 1153 3731 affert
1176 3665 1233 3732 ille
1257 3664 1368 3732 fabula
1392 3684 1474 3748 quae

300 3777 339 3846 de
363 3778 484 3858 Rhoeo‚
508 3777 659 3860 Staphyli
683 3775 758 3856 fllia,
789 3780 947 3856 narratur,
981 3795 1052 3841 oum
1082 3775 1162 3839 haee
1186 3775 1313 3838 nomina
1336 3775 1406 3855 ipsa
1429 3773 1473 3836 lo·

299 3889 463 3968 quantur:
504 3885 600 3950 Diod.
636 3885 666 3946 V
695 3891 736 3948 62
772 3879 928 3967 Σταφύλου
973 3880 1026 3964 γοὶρ
1072 3878 1119 3939 καὶ
1151 3876 1369 3963 Χρυσοθέμιδός
1405 3899 1475 3961 ροισι

297 3989 432 4072 γενέσθαι
455 3997 530 4074 τρεῖς
544 3988 715 4074 θυγατέρας,
734 3977 905 4050 Μολπαδίαν
927 3987 974 4048 καὶ
993 3983 1079 4048 Ῥοιὼ
1095 3985 1142 4046 καὶ
1157 3984 1309 4071 Παρθένον
1322 3986 1350 4066 *γ
1374 3983 1472 4066 ὄνομα.

298 4097 345 4158 καὶ
380 4117 417 4180 τη
454 4094 506 4179 μὲν
537 4093 624 4157 Ῥοιοῖ
654 4095 702 4156 τὸν
735 4094 910 4157 Ἀπολλοινα
946 4093 1064 4177 μιγέντα
1099 4090 1194 4174 έγκοον
1217 4099 1332 4176 ποιησαι
1349 4141 1355 4154 .
1372 4091 1419 4152 τὸν
1442 4088 1473 4151 δὲ

298 4203 408 4284 πατέρα
433 4203 522 4288 αὐτῆς
550 4201 591 4274 ὡς
614 4201 659 4264 ὑπ’
685 4203 835 4289 ἀνθρώπου
859 4209 912 4286 τῆς
935 4201 1050 4286 ιρθορᾱς
1073 4200 1270 4283 γεγενημένης
1298 4198 1473 4284 ὀργισθῆναι,

405 4419 431 4486 *)
451 4419 617 4488 Molpadia
635 4435 740 4486 quoque
758 4421 787 4472 et
805 4417 993 4471 Parthenos
1012 4415 1077 4470 festi
1096 4414 1215 4468 indicant
1234 4413 1406 4480 hilaritatem,
1420 4429 1473 4467 non

297 4511 367 4576 deas,
386 4509 456 4563 siout
474 4510 596 4564 Theseus
614 4512 657 4562 est
675 4505 689 4556 ὃ
709 4505 836 4572 Φημίου
854 4504 919 4559 παῖε
938 4505 1019 4572 (Lyn.
1041 4503 1134 4568 1322)1
