3384 5134
733 355 952 414 -11-

257 532 341 611 apud
366 527 541 596 Characem
577 529 616 594 de
654 528 777 593 duabus
802 528 978 592 Adrasteis
1002 525 1132 609 agitur?
1178 529 1282 595 Unam
1307 528 1429 591 tantum

258 655 394 717 agnosco
420 642 517 720 atque
541 654 609 704 eam
626 636 764 717 quidem,
783 654 876 717 qnam
893 634 975 700 bene
991 633 1146 715 novimus
1164 634 1307 698 Melissei
1323 633 1430 712 filiam,

256 745 350 810 Jovis
375 745 537 825 altricem;
574 742 657 824 qnod
691 741 719 806 ei
751 761 792 806 ex
824 759 931 807 sorore
966 741 1174 806 ratiocinatus
1205 742 1309 807 aviam
1343 741 1431 806 dedit

257 851 346 916 Idam
367 851 482 915 Troiae
506 851 658 930 reginam,
683 849 900 931 pragmaticae
925 851 992 914 eius
1015 850 1242 932 mythologiam
1273 849 1431 914 scribendi

256 960 371 1023 rationi
400 957 563 1023 debemus.
617 957 731 1040 Neque
760 957 863 1022 minus
893 958 931 1022 de
960 976 1024 1022 una
1051 960 1175 1022 tantum
1202 958 1365 1022 Adrastea
1398 957 1430 1020 iu

257 1067 372 1130 ceteris
408 1064 600 1131 testimoniis
636 1065 752 1146 agitur.
810 1062 875 1130 Cur
917 1068 1022 1130 autem
1066 1065 1211 1130 diversae
1248 1065 1431 1130 Adrasteae

257 1174 348 1237 sedes
372 1175 552 1253 tradantur,
577 1171 663 1237 infra
680 1172 858 1253 apparebit.
905 1174 978 1239 Hoc
1002 1173 1112 1255 utique
1136 1176 1262 1238 constat
1285 1171 1430 1238 omnibus

257 1280 334 1346 locis
359 1281 397 1344 de
421 1298 484 1344 una
501 1276 661 1344 Adrastea
675 1279 770 1345 Jovis
787 1279 898 1344 altrice
916 1279 977 1360 agi,
1002 1298 1159 1362 nusquam
1184 1281 1222 1344 de
1239 1277 1359 1361 Cybele
1375 1281 1430 1342 aut

257 1387 295 1451 de
319 1387 381 1452 aha
405 1387 578 1452 Adrastea.

363 1492 428 1559 Sed
451 1495 547 1559 Posn.
565 1514 662 1559 unum
680 1496 901 1575 argumentum
919 1495 1023 1560 addit:
1051 1495 1161 1576 „Noch
1186 1494 1365 1559 deutlioher
1389 1493 1431 1558 ist

256 1602 307 1666 die
331 1598 485 1666 identitat
508 1600 560 1665 bei
585 1601 679 1683 Diog.
705 1621 735 1665 v.
760 1601 860 1684 Kya,
886 1602 942 1666 der
966 1601 1016 1666 die
1041 1600 1156 1668 Gdttin
1173 1601 1338 1666 Adrastea
1361 1601 1431 1665 eine

256 1710 312 1772 der
347 1708 617 1773 oresteiadischen
650 1709 822 1790 Nymphon
857 1714 958 1774 neunt
993 1708 1033 1773 cf.
1072 1707 1184 1791 Steph.
1221 1710 1302 1792 Byr.
1340 1728 1364 1773 s.
1399 1727 1429 1772 v.

253 1811 427 1897 Ἀδράστεια
445 1813 474 1896 *)
499 1816 563 1879 und
587 1816 747 1896 Hermiae,
773 1820 828 1880 der
852 1817 899 1881 als
923 1817 1038 1882 ldltern
1062 1816 1184 1880 sowohl
1208 1817 1264 1881 der
1283 1816 1431 1898 Nympha

258 1923 317 1986 wie
343 1924 400 1986 der
424 1920 539 1988 Gdttin
563 1923 604 1987 im
630 1921 780 1990 Scholion
805 1945 844 1989 zu
867 1925 1002 1990 Platons
1031 1924 1174 1988 Phadrus
1194 1931 1255 1988 148
1282 1925 1430 1990 Melissos

256 2030 319 2093 und
346 2030 532 2094 Amaltheia
556 2029 674 2096 nennt“
735 2032 829 2097 Posn.
856 2031 951 2097 iniis
975 2051 1057 2114 quae
1084 2031 1244 2113 Diogenes
1268 2031 1345 2096 dicit
1369 2049 1431 2112 quo

255 2137 324 2201 iure
359 2138 449 2201 deam
484 2141 647 2219 agnoscat,
683 2157 746 2203 non
783 2138 942 2219 intellego.
1003 2137 1050 2205 St.
1080 2141 1119 2204 B.
1150 2141 1229 2204 duas
1265 2139 1431 2205 memorias

255 2242 359 2324 affert,
384 2263 518 2327 quarum
544 2245 646 2311 altera
662 2247 864 2312 contenditur
888 2245 986 2329 χώραν
1013 2244 1204 2329 Ἀδράστειαν
1228 2266 1339 2314 nomen
1364 2250 1429 2312 tra·

255 2351 331 2414 here
355 2371 396 2414 ex
422 2354 564 2418 Adrasto
589 2372 672 2435 rege,
699 2355 800 2419 altera
815 2355 835 2418 i.
853 2375 880 2418 e.
897 2355 992 2436 Diog.
1011 2353 1193 2436 Cyzicenus
1210 2373 1250 2420 ex
1268 2357 1431 2420 Adrastea

255 2459 397 2540 nympha
420 2460 571 2540 silvestri,
597 2462 681 2543 quod
705 2461 869 2543 epitheton
894 2463 1001 2527 hausit
1018 2461 1182 2538 Diogenes
1206 2462 1430 2528 ePhorouidis

256 2564 294 2629 fr.
320 2564 416 2648 ὀρεὶης
441 2563 640 2651 Ἀδραστείας.
688 2569 802 2652 Neque
827 2588 901 2635 vero
925 2567 1095 2652 aut‘c'petq'
1111 2570 1267 2636 attributo
1291 2569 1431 2652 nympha

254 2674 286 2737 in
323 2673 465 2756 Cybelen
500 2675 748 2743 transformatur
783 2683 838 2742 aut
873 2679 937 2742 ullo
972 2677 1070 2743 verbo
1101 2679 1219 2744 dictum
1260 2681 1310 2742 est
1342 2679 1429 2742 illam

255 2782 450 2846 Adrasteam
474 2784 568 2849 Jovis
600 2785 742 2850 altricem
768 2803 847 2849 esse.
895 2785 1011 2868 Itaque
1034 2786 1189 2866 Diogenis
1213 2787 1376 2850 Adrastea
1398 2785 1431 2849 in

256 2891 400 2954 neutram
435 2894 558 2972 partem
592 2891 796 2973 coniungitur
832 2911 936 2975 neque
971 2892 1057 2958 aliud
1092 2894 1265 2977 quidquam
1299 2895 1347 2956 est
1370 2893 1431 2957 nisi

255 2995 392 3076 simplex
415 2999 566 3079 nympha.
615 2997 701 3083 Quid
725 2999 764 3064 de
780 2997 994 3080 Orphicorum
1015 2999 1082 3066 loco
1106 3001 1309 3065 iudicandum
1334 3005 1428 3079 esset,

254 3105 316 3167 iam
341 3105 539 3186 supradixi.
587 3105 736 3172 Ceterum
761 3108 856 3172 Posn.
882 3127 1019 3173 errorem
1038 3107 1217 3186 committit,
1242 3126 1311 3172 cum
1336 3108 1428 3172 dicit:

258 3212 427 3290 „Hermias
463 3216 561 3277 neunt
594 3214 643 3278 die
678 3215 791 3278 Eltem
824 3216 971 3280 Melissos
1006 3217 1071 3280 und
1096 3214 1310 3296 Amalthea“;
1345 3215 1430 3296 quod

256 3319 405 3384 Hermias
428 3320 491 3384 nisi
514 3320 546 3384 in
572 3318 710 3402 Orphico
735 3324 883 3402 exemplo
907 3324 1092 3404 invenisset,
1130 3328 1166 3388 ut
1189 3323 1349 3405 sapientia
1372 3341 1431 3387 sua

255 3427 478 3507 neoplatonica
501 3427 556 3492 illa
580 3429 707 3494 nomina
737 3430 1014 3512 interpretaretur,
1048 3432 1104 3496 vix
1129 3449 1256 3511 operam
1280 3430 1429 3495 dedisset.

361 3535 529 3600 Hactenus
558 3555 596 3600 ea
624 3539 823 3617 argumenta,
857 3557 939 3621 quae
971 3539 1067 3604 Posn.
1093 3537 1194 3603 affert.
1222 3534 1335 3620 Itaque
1359 3557 1429 3604 cum

253 3642 418 3707 Adrastea
440 3642 537 3708 Jovis
572 3643 671 3708 altrix
704 3645 791 3710 nullo
824 3646 915 3712 modo
944 3665 1014 3712 cum
1039 3645 1161 3729 Cybele
1184 3647 1354 3712 coniuncta
1378 3646 1429 3718 sit,

254 3749 427 3828 simplicius
451 3749 514 3815 iam
531 3751 761 3832 quaerendum:
787 3752 952 3818 Adrastea
976 3757 1081 3819 utrum
1099 3755 1159 3818 dea
1171 3773 1212 3819 an
1229 3751 1430 3819 abstractio?

361 3855 605 3924 Concedendum
630 3861 678 3923 est
702 3859 847 3925 Usenero
876 3895 912 3904 -
937 3861 970 3925 id
1004 3863 1087 3944 quod
1114 3863 1190 3926 dicit
1212 3862 1245 3927 in
1269 3861 1351 3927 libro
1376 3861 1430 3945 qui

253 3963 439 4030 inscribitur
473 3965 603 4032 Griech.
642 3966 842 4032 Gdttemam.
879 3988 909 4050 p.
935 3975 976 4033 38
1013 3988 1082 4052 sqq.
1120 4005 1161 4013 -
1197 3970 1325 4050 saepius
1360 3988 1430 4035 cum

254 4071 331 4136 bina
365 4073 491 4136 nomina
525 4074 731 4138 inveniantur
766 4075 856 4140 velut
890 4072 993 4156 Λάμια
1025 4073 1134 4156 Λάμια,
1163 4071 1288 4144 Ἕκατας
1308 4074 1428 4158 Ἑκάτη,

253 4179 333 4245 σασα
355 4180 500 4261 putanda
523 4199 593 4245 esse
618 4182 758 4263 numina,
784 4201 866 4265 quae
891 4203 910 4247 a
933 4184 1090 4266 principio
1114 4185 1222 4250 eodem
1247 4185 1429 4267 opinionum

359 4374 386 4437 *)
406 4368 521 4423 ἐκαλεῖτο
541 4370 567 4424 dl
585 4378 630 4424 καὶ
649 4374 666 4439 ἦ
684 4374 755 4446 χάρα
770 4371 936 4446 Ἀδράστεια
960 4381 1005 4428 καὶ
1020 4374 1199 4446 Ἀδραστείας
1224 4374 1323 4440 πεδίον,
1349 4377 1430 4443 καὶῆ

252 4457 335 4515 πόλις.
374 4463 494 4530 Διογένης
513 4460 592 4518 οὕτως
611 4461 638 4515 ἐν
654 4463 748 4537 πρατῃ
776 4470 903 4537 <περὶ>
932 4468 1045 4529 Κυζίκου
1070 4472 1148 4536 φησὶν
1173 4467 1225 4520 ἀπὸ
1248 4463 1430 4538 Ἀδραστείας

251 4547 396 4616 κεκλῆσθαι
414 4553 477 4620 μιᾶς
496 4554 549 4604 τῶν
562 4550 751 4624 Ὀρεστειάδων
769 4559 884 4625 νυμφῶν,
